4578 5566
1216 346 1261 412 30

300 611 304 620 ι
439 531 527 597 11111
550 549 613 598 uon
634 537 779 616 poterant
800 532 912 598 crebra
932 529 1091 616 asyndeta
1117 538 1175 597 aut
1202 532 1236 597 iu
1267 531 1430 600 vocabulis
1452 533 1710 602 demonstrativis
1739 537 1946 604 relativorum
1965 540 2040 606 hoo

443 651 554 735 positis
577 650 800 718 desiderabant
821 649 1014 737 elegantiam
1036 657 1069 716 et
1089 649 1274 717 nesciebant
1293 651 1495 737 pluraquam
1511 653 1587 720 olim
1602 653 1758 721 adverbia
1772 655 2031 739 conjunctionum

442 769 513 837 rice
536 771 637 859 mugi,
668 791 727 838 nec
748 769 828 836 satis
851 768 994 856 cognitas
1024 768 1184 836 habebant
1212 769 1340 837 dicendi
1367 771 1520 838 formulas
1551 781 1656 840 certas
1685 774 1850 861 quasdam,
1885 796 1969 858 quae
1999 783 2032 844 et

441 889 532 974 ipsae
555 891 598 956 ad
621 889 862 976 conjungendas
883 889 935 957 vel
958 887 1189 974 disjungendae
1211 889 1361 958 orationis
1383 898 1492 976 partes
1514 893 1672 960 mustanti
1696 913 1755 959 osu
1771 901 1922 980 receptae·
1931 903 2033 982 ermu,

446 1009 559 1094 partim
582 1008 658 1078 illae
679 1031 700 1076 a
721 1010 822 1096 poetis
844 1009 977 1094 primum
997 1008 1157 1094 inductae,
1179 1009 1294 1093 partim
1316 1029 1334 1076 e
1356 1009 1548 1078 scholastica
1570 1012 1771 1079 declamandi
1802 1013 2030 1080 consuetudine

443 1135 474 1195 et
496 1147 555 1194 usu
579 1129 696 1197 lorensi
718 1129 870 1214 adscitae,
900 1127 1016 1213 partim
1045 1126 1142 1194 etiam
1171 1128 1320 1194 inventae
1347 1128 1405 1196 illa
1434 1136 1548 1217 aetate,
1580 1151 1644 1216 qna
1666 1132 1843 1218 {scriptores
1863 1132 2030 1218 ingeniose

440 1248 599 1316 ambitiosi
623 1269 679 1336 pro
708 1269 742 1316 se
770 1249 906 1332 quisque
926 1248 959 1312 in
981 1245 1109 1314 dicendi
1138 1255 1206 1313 arte
1233 1254 1327 1314 erant
1346 1269 1501 1316 novarum
1523 1269 1627 1316 rerum
1651 1249 1794 1336 studiosi,
1823 1271 1895 1318 cum
1927 1271 2031 1318 senno

443 1374 559 1454 rectus,
580 1368 683 1435 nteit
705 1367 928 1453 Quintilianus,
960 1373 992 1434 et
1014 1365 1187 1433 secundum
1209 1374 1354 1434 naturam
1377 1369 1563 1437 enunciatus
1596 1369 1676 1436 nihil
1698 1370 1815 1436 habere
1837 1391 1882 1437 cn
1900 1371 2030 1456 ingenio

440 1485 615 1575 videretur,
644 1487 701 1554 illa
722 1507 806 1574 vero,
836 1507 919 1571 quae
948 1493 1118 1569 utcumque
1140 1485 1265 1552 deflexa
1295 1494 1409 1574 essent,
1439 1488 1583 1555 homines
1604 1489 1847 1556 admirarentur.
1900 1489 1967 1556 Sed
1987 1489 2030 1558 de

438 1613 505 1673 toto
529 1607 587 1675 hoc
610 1628 727 1694 genere
754 1607 843 1673 vario
872 1613 905 1674 et
938 1605 1104 1691 multiplici
1133 1625 1194 1690 ego
1221 1625 1306 1672 nuuc
1336 1626 1440 1691 panca
1466 1608 1614 1692 exempla
1642 1609 1781 1694 prolerre
1810 1609 1892 1676 satis
1917 1609 2031 1694 habeo,

439 1745 525 1810 quae
549 1728 592 1793 ad
614 1727 838 1812 particularum
861 1725 1059 1810 quarundam
1082 1743 1173 1792 nsum
1195 1725 1362 1810 pertinent.

527 1847 592 1932 Eis,
615 1865 697 1930 quae
713 1846 853 1913 Haasius
876 1845 917 1912 de
938 1846 1102 1932 particulis
1123 1845 1377 1930 etiamnunc,
1398 1846 1561 1912 utinam
1582 1846 1752 1930 quidem
1776 1853 1808 1913 et
1830 1847 1874 1914 de
1892 1847 2029 1916 formula

438 1966 501 2032 ita
528 1974 592 2033 est
621 1968 751 2053 profert,
779 1987 839 2052 ego
866 1966 947 2031 nihil
972 1965 1173 2033 adiciendum
1198 1970 1288 2050 puto,
1318 1963 1380 2030 nisi
1411 1965 1497 2048 qood
1530 1964 1741 2032 animadverti
1777 1965 1932 2033 Senecam
1969 1987 2027 2051 pro

437 2085 631 2172 etiamnunc,
654 2086 738 2170 quod
759 2105 987 2172 saepenumero
1009 2086 1096 2170 apud
1117 2103 1188 2151 eum
1210 2082 1293 2150 idem
1316 2091 1366 2151 est
1386 2090 1483 2168 atque
1503 2085 1632 2172 etiam,
1660 2086 1748 2153 velut
1770 2085 1855 2152 Diah
1878 2085 1932 2170 IV,
1951 2087 1982 2171 b,
2006 2088 2024 2152 1

438 2204 525 2270 Illud
548 2206 727 2274 etiamnunc
750 2204 966 2291 quaerendum
988 2211 1044 2290 est,
1077 2224 1140 2270 uno
1162 2203 1230 2271 loco
1252 2223 1360 2272 nunc
1382 2211 1415 2270 et
1434 2225 1541 2272 nunc
1562 2225 1728 2289 quoque
1753 2205 1897 2272 inveniri.
1941 2205 2025 2270 Nam

440 2325 529 2404 111.
564 2325 608 2391 IV
625 2325 729 2393 Praei.
740 2329 779 2393 18
802 2326 881 2392 haec
903 2329 1045 2392 exstem:
1065 2322 1166 2390 Adice
1188 2342 1273 2390 nunc
1293 2323 1445 2390 invictum
1467 2325 1651 2391 muneribus
1673 2325 1815 2390 animum
1835 2332 1867 2392 11
1887 2325 2026 2390 intanto

439 2444 596 2512 avaritiae
628 2446 800 2512 certamine
827 2464 999 2528 numquam
1027 2443 1223 2528 suppositam
1253 2463 1381 2509 manum
1412 2444 1508 2529 lucro,
1538 2444 1631 2510 adice
1659 2464 1743 2511 nunc
1774 2463 1900 2528 quoque
1921 2443 2026 2510 victus

441 2564 663 2650 parsimoniam
680 2603 730 2632 —.
775 2565 846 2630 Jam
868 2585 945 2630 vero
967 2564 1007 2630 de
1028 2563 1099 2629 aliis
1123 2562 1285 2648 particulis
1308 2581 1412 2648 pauca
1433 2563 1552 2629 addere
1574 2563 1658 2629 libet
1707 2563 1755 2631 Ac
1777 2563 1914 2649 primum
1935 2583 1957 2628 a
1977 2581 2024 2628 re·

438 2691 533 2768 cepta
548 2685 775 2751 consuetudine
791 2684 936 2751 discessit
951 2681 1074 2750 Seneca
1088 2702 1144 2767 pro
1157 2703 1215 2748 nec
1232 2683 1410 2770 quisquam,
1427 2681 1676 2766 necquidquam
1694 2681 1829 2749 dicendo
1845 2681 2023 2766 nullusque,

441 2803 592 2890 nihilque,
613 2805 700 2871 velut
733 2803 816 2870 Dial.
842 2803 878 2889 V,
901 2805 930 2888 8,
956 2805 980 2870 3
1001 2803 1152 2888 nullique,
1175 2803 1215 2868 dc
1238 2803 1333 2868 elem.
1357 2803 1382 2887 Ι,
1406 2803 1454 2888 19,
1476 2805 1497 2868 5
1519 2802 1712 2887 nullumque,
1743 2801 1826 2868 Dial.
1849 2802 1907 2887 ΠΙ,
1931 2802 1980 2886 15,
2005 2808 2018 2865 1

344 2897 348 2906 ’
440 2922 593 3008 nihilque,
614 2923 683 3007 (crs.
709 2924 762 3009 vn
785 2925 836 3009 25,
857 2922 899 2990 oe
921 2922 1019 2989 crem.
1040 2921 1082 3007 11,
1104 2923 1134 3006 5,
1154 2923 1184 2988 4.
1208 2923 1265 3008 ap.
1288 2922 1340 3006 cr,
1361 2921 1410 3008 c),
1441 2921 1555 3005 quibus
1578 2921 1655 2988 ons
1678 2921 1763 2987 aner
1785 2926 1918 3006 possum
1938 2919 2021 2988 mc.

440 3041 510 3127 VII,
539 3043 647 3128 123,5
679 3051 711 3110 11
732 3043 822 3130 nihil,
853 3042 936 3108 Dial.
957 3041 1011 3128 VI,
1035 3045 1084 3128 16,
1107 3045 1126 3108 8
1149 3049 1181 3108 et
1202 3061 1373 3126 uunquam,
1404 3041 1487 3108 Dial.
1510 3041 1568 3128 IX,
1590 3043 1620 3127 2,
1654 3043 1750 3106 1511
1777 3060 1850 3107 uon.
1896 3039 2020 3108 Deinde

439 3161 564 3230 Seneca
593 3169 634 3230 et
661 3163 789 3247 saepius
810 3183 866 3248 pro
895 3161 1021 3228 etiam
1048 3168 1189 3247 usurpat,
1219 3162 1304 3246 quod
1333 3167 1368 3227 ut
1396 3161 1551 3246 exemphs
1569 3160 1716 3246 probem,
1744 3181 1784 3227 ea
1806 3161 1873 3226 sola
1895 3159 2022 3246 eligam,

440 3301 523 3365 quae
546 3282 641 3349 etiam
663 3282 760 3348 aliam
782 3283 822 3349 ob
843 3299 973 3348 causam
995 3281 1167 3367 conspicua
1188 3287 1276 3346 sunt:
1298 3280 1381 3346 Dial
1402 3279 1460 3364 Ill,
1491 3281 1541 3366 20,
1566 3281 1585 3346 6
1608 3287 1664 3345 aut
1691 3286 1725 3347 et
1746 3279 1862 3345 bouum
1885 3279 1945 3345 erit
1966 3284 2022 3348 aut

439 3420 500 3488 nec
521 3421 687 3487 magnum,
710 3401 768 3486 Ep.
790 3401 841 3486 92,
865 3403 879 3464 l
905 3407 936 3466 et
958 3400 1037 3468 haec
1059 3406 1164 3466 antem
1186 3407 1294 3466 nostra
1315 3399 1427 3465 eadem
1449 3405 1506 3485 est,
1528 3419 1611 3482 quae
1635 3419 1674 3466 ex
1689 3399 1747 3465 illa
1767 3407 1832 3484 est3
1853 3398 1937 3466 Dial
1952 3397 2021 3486 Vll,

439 3521 503 3608 9,1
529 3541 591 3586 uon
613 3521 697 3586 enim
720 3521 803 3586 hauc
825 3526 975 3606 praestat,
997 3520 1054 3586 sed
1076 3525 1107 3584 et
1130 3519 1226 3602 haum
1248 3517 1307 3605 up.
1329 3519 1380 3605 88,
1406 3521 1442 3584 ll
1466 3519 1511 3585 sic
1533 3519 1599 3584 seio
1621 3525 1654 3585 et
1674 3538 1736 3584 uon
1760 3517 1869 3602 utiquc
1891 3537 2021 3604 casura3

439 3639 498 3725 Ep.
513 3641 611 3725 103,1
636 3639 692 3706 sed
714 3647 846 3725 possunt
867 3647 900 3706 et
921 3661 984 3705 non
1006 3639 1142 3705 evenire.
1177 3637 1282 3704 Semel
1305 3659 1361 3723 pro
1383 3637 1451 3723 „et“
1474 3637 1634 3723 „quoque“
1657 3638 1825 3704 iuvenitur.
1855 3636 1943 3716 Nu
1961 3636 2018 3724 111,

441 3759 527 3844 29,4
550 3779 612 3826 non
633 3759 761 3826 incursu
784 3759 889 3844 maris,
911 3757 969 3825 sed
991 3758 1087 3824 maris
1110 3777 1235 3841 quoque
1255 3758 1392 3823 incursu.
1435 3757 1502 3824 Hoc
1524 3757 1556 3821 iu
1580 3777 1710 3824 numero
1724 3758 1819 3824 etiam
1835 3756 2019 3824 referendus

439 3880 598 3964 antiocus,
620 3879 674 3962 qni
695 3885 798 3944 exstat
822 3877 896 3944 Ben.
918 3877 955 3963 V,
977 3879 1028 3961 20,
1050 3881 1087 3944 51
1109 3876 1256 3942 Praestiti
1277 3876 1359 3961 patri
1383 3875 1463 3962 ejus,
1485 3876 1571 3960 quod
1591 3876 1661 3963 ipse
1684 3883 1847 3963 praestare
1868 3875 2020 3943 voluisset

437 4018 498 4065 nec
520 4019 581 4064 non
603 4005 635 4064 et
656 3997 825 4082 debuisset,
846 4017 909 4080 quo
931 3998 999 4064 loco
1021 3995 1106 4080 quod
1128 4002 1232 4062 exstat
1252 4016 1329 4082 „uec
1350 4017 1413 4062 non
1434 3995 1484 4062 et‘
1506 3995 1637 4082 Seneca,
1667 3995 1730 4062 uisi
1751 3996 1852 4082 fallor,
1882 4015 1923 4062 ex
1944 3995 2019 4062 Ver·

437 4117 515 4204 gilio
532 4117 674 4202 sumpsit,
694 4115 781 4202 apud
802 4135 895 4200 quem
917 4116 973 4182 illa
992 4116 1129 4182 formula
1149 4114 1328 4182 transitioni
1346 4115 1488 4202 inservit,
1509 4123 1565 4181 ant
1586 4136 1626 4181 ex
1641 4113 1766 4202 Ovidio,
1788 4115 1842 4198 qui
1861 4115 1931 4201 ipse
1946 4135 2019 4198 quo-

437 4256 500 4321 que
522 4235 568 4302 sic
591 4235 680 4321 dixit,
707 4235 794 4302 velut
815 4235 888 4303 hiet.
911 4237 997 4321 Vlll,
1020 4237 1091 4321 749,
1114 4237 1176 4302 150
1199 4253 1257 4302 nec
1278 4255 1341 4301 uon
1363 4241 1395 4300 et
1416 4241 1523 4302 cetera
1542 4241 1631 4300 tanto
1653 4234 1736 4301 silva
1756 4234 1816 4301 sub
1838 4235 1907 4321 hac,
1936 4233 2019 4300 silva

435 4363 555 4440 quanto
581 4355 642 4422 init
669 4354 767 4422 herba
795 4356 856 4422 sub
882 4355 975 4421 omni.
1026 4352 1133 4432 Quid?
1165 4353 1250 4438 quod
1283 4375 1339 4440 pro
1371 4353 1597 4438 ne-—quidem
1633 4361 1676 4420 et
1712 4375 1808 4440 non,
1844 4353 2013 4438 quidem

436 4493 530 4562 uon,
552 4474 671 4560 pluries
692 4495 780 4560 nec,
809 4473 967 4540 interdum
997 4474 1095 4540 etiam
1122 4471 1444 4557 nec-quidem
1473 4479 1613 4559 usurpat
1658 4471 1761 4552 Quam
1787 4474 1823 4539 in
1850 4493 1918 4541 rem
1944 4493 2015 4541 con·

436 4594 559 4664 mendi
586 4601 660 4662 suut
690 4593 723 4661 hi
750 4593 826 4662 loci:
864 4593 914 4663 De
943 4593 1018 4661 Beu
1041 4593 1083 4679 11,
1112 4595 1164 4680 21,
1189 4594 1209 4659 6
1232 4613 1323 4680 rogo,
1352 4591 1472 4678 inquit,
1504 4591 1653 4678 ignoscas
1682 4599 1715 4660 et
1740 4615 1763 4660 a
1789 4593 1916 4660 Persico
1948 4613 2014 4664 uon
