<?xml version="1.0" encoding="UTF-8"?>
<!DOCTYPE html PUBLIC "-//W3C//DTD XHTML 1.0 Transitional//EN"
    "http://www.w3.org/TR/xhtml1/DTD/xhtml1-transitional.dtd">
<html xmlns="http://www.w3.org/1999/xhtml" xml:lang="en" lang="en">
 <head>
  <title>
</title>
<meta http-equiv="Content-Type" content="text/html;charset=utf-8" />
  <meta name='ocr-system' content='tesseract 3.04.00' />
  <meta name='ocr-capabilities' content='ocr_page ocr_carea ocr_par ocr_line ocrx_word'/>
</head>
<body>
  <div class='ocr_page' id='page_1' title='image "./delatinitatesen00opitgoog_0019.png"; bbox 0 0 4578 5566; ppageno 0'>
   <div class='ocr_carea' id='block_1_1' title="bbox 1187 401 1229 476">
    <p class='ocr_par' dir='ltr' id='par_1_1' title="bbox 1187 401 1229 476">
     <span class='ocr_line' id='line_1_1' title="bbox 1187 401 1229 476; baseline 0.19 -8"><span class='ocrx_word' id='word_1_1' title='bbox 1187 401 1229 476; x_wconf 76' lang='grc'>12</span> 
     </span>
    </p>
   </div>
   <div class='ocr_carea' id='block_1_2' title="bbox 410 585 2002 798">
    <p class='ocr_par' dir='ltr' id='par_1_2' title="bbox 410 585 2002 798">
     <span class='ocr_line' id='line_1_2' title="bbox 410 585 2002 682; baseline -0.008 -21"><span class='ocrx_word' id='word_1_2' title='bbox 410 591 531 678; x_wconf 77' lang='lat' dir='ltr'>aliquis</span> <span class='ocrx_word' id='word_1_3' title='bbox 565 590 731 680; x_wconf 83' lang='lat' dir='ltr'>„habitare</span> <span class='ocrx_word' id='word_1_4' title='bbox 769 591 803 660; x_wconf 89' lang='lat' dir='ltr'>in</span> <span class='ocrx_word' id='word_1_5' title='bbox 836 589 906 662; x_wconf 85' lang='lat' dir='ltr'>loco</span> <span class='ocrx_word' id='word_1_6' title='bbox 939 587 1077 673; x_wconf 70' lang='lat' dir='ltr'>aliquol,</span> <span class='ocrx_word' id='word_1_7' title='bbox 1110 587 1199 674; x_wconf 84' lang='lat' dir='ltr'>apud</span> <span class='ocrx_word' id='word_1_8' title='bbox 1222 587 1326 682; x_wconf 79' lang='lat' dir='ltr'>Verg,</span> <span class='ocrx_word' id='word_1_9' title='bbox 1356 585 1460 671; x_wconf 81' lang='lat' dir='ltr'>oric,</span> <span class='ocrx_word' id='word_1_10' title='bbox 1493 585 1578 656; x_wconf 86' lang='lat' dir='ltr'>alios</span> <span class='ocrx_word' id='word_1_11' title='bbox 1604 593 1718 673; x_wconf 81' lang='lat' dir='ltr'>poetes</span> <span class='ocrx_word' id='word_1_12' title='bbox 1739 585 1831 670; x_wconf 80' lang='lat' dir='ltr'>„hab</span> <span class='ocrx_word' id='word_1_13' title='bbox 1854 585 2002 668; x_wconf 81' lang='lat' dir='ltr'>aliquem</span> 
     </span>
     <span class='ocr_line' id='line_1_3' title="bbox 410 704 1995 798; baseline -0.005 -22"><span class='ocrx_word' id='word_1_14' title='bbox 410 711 536 778; x_wconf 87' lang='lat' dir='ltr'>locum“</span> <span class='ocrx_word' id='word_1_15' title='bbox 572 710 709 797; x_wconf 89' lang='lat' dir='ltr'>dieitur),</span> <span class='ocrx_word' id='word_1_16' title='bbox 747 715 972 798; x_wconf 80' lang='lat' dir='ltr'>penetrare</span> <span class='ocrx_word' id='word_1_17' title='bbox 1005 709 1083 777; x_wconf 88' lang='lat' dir='ltr'>Ben.</span> <span class='ocrx_word' id='word_1_18' title='bbox 1111 708 1275 791; x_wconf 82' lang='lat' dir='ltr'>v11‚3‚3</span> <span class='ocrx_word' id='word_1_19' title='bbox 1313 705 1429 791; x_wconf 89' lang='lat' dir='ltr'>animo,</span> <span class='ocrx_word' id='word_1_20' title='bbox 1462 725 1525 789; x_wconf 84' lang='lat' dir='ltr'>quc</span> <span class='ocrx_word' id='word_1_21' title='bbox 1562 708 1660 772; x_wconf 86' lang='lat' dir='ltr'>etiam</span> <span class='ocrx_word' id='word_1_22' title='bbox 1698 713 1821 771; x_wconf 86' lang='lat' dir='ltr'>remota</span> <span class='ocrx_word' id='word_1_23' title='bbox 1855 710 1889 771; x_wconf 90' lang='lat' dir='ltr'>et</span> <span class='ocrx_word' id='word_1_24' title='bbox 1922 704 1995 770; x_wconf 84' lang='lat' dir='ltr'>aoli-</span> 
     </span>
    </p>
   </div>
   <div class='ocr_carea' id='block_1_3' title="bbox 404 823 2056 4736">
    <p class='ocr_par' dir='ltr' id='par_1_3' title="bbox 404 823 2056 4020">
     <span class='ocr_line' id='line_1_4' title="bbox 411 823 2056 916; baseline -0.005 -21"><span class='ocrx_word' id='word_1_25' title='bbox 411 829 577 898; x_wconf 86' lang='lat' dir='ltr'>tudinibus</span> <span class='ocrx_word' id='word_1_26' title='bbox 599 830 773 912; x_wconf 79' lang='lat' dir='ltr'>interclusa</span> <span class='ocrx_word' id='word_1_27' title='bbox 794 835 1014 916; x_wconf 77' lang='lat' dir='ltr'>penetrantur,</span> <span class='ocrx_word' id='word_1_28' title='bbox 1037 827 1200 914; x_wconf 89' lang='lat' dir='ltr'>(similiter</span> <span class='ocrx_word' id='word_1_29' title='bbox 1222 825 1366 910; x_wconf 80' lang='lat' dir='ltr'>Vergilio</span> <span class='ocrx_word' id='word_1_30' title='bbox 1393 831 1523 892; x_wconf 87' lang='lat' dir='ltr'>auctore</span> <span class='ocrx_word' id='word_1_31' title='bbox 1546 825 1676 892; x_wconf 86' lang='lat' dir='ltr'>Sueten.</span> <span class='ocrx_word' id='word_1_32' title='bbox 1699 831 1732 892; x_wconf 90' lang='lat' dir='ltr'>et</span> <span class='ocrx_word' id='word_1_33' title='bbox 1755 824 1888 894; x_wconf 79' lang='lat' dir='ltr'>Tacitus</span> <span class='ocrx_word' id='word_1_34' title='bbox 1910 823 1941 891; x_wconf 86' lang='lat' dir='ltr'>b</span> <span class='ocrx_word' id='word_1_35' title='bbox 1965 843 1992 888; x_wconf 87' lang='lat' dir='ltr'>r.</span> <span class='ocrx_word' id='word_1_36' title='bbox 2053 872 2056 877; x_wconf 88' lang='lat'>.</span> 
     </span>
     <span class='ocr_line' id='line_1_5' title="bbox 411 944 1995 1034; baseline -0.005 -18"><span class='ocrx_word' id='word_1_37' title='bbox 411 954 621 1034; x_wconf 88' lang='lat' dir='ltr'>usurparunt,</span> <span class='ocrx_word' id='word_1_38' title='bbox 663 969 734 1015; x_wconf 90' lang='lat' dir='ltr'>cum</span> <span class='ocrx_word' id='word_1_39' title='bbox 769 948 894 1033; x_wconf 82' lang='lat' dir='ltr'>priores</span> <span class='ocrx_word' id='word_1_40' title='bbox 930 953 1120 1033; x_wconf 88' lang='lat' dir='ltr'>„penetrare</span> <span class='ocrx_word' id='word_1_41' title='bbox 1155 945 1189 1012; x_wconf 92' lang='lat' dir='ltr'>in</span> <span class='ocrx_word' id='word_1_42' title='bbox 1226 946 1350 1012; x_wconf 89' lang='lat' dir='ltr'>locum“</span> <span class='ocrx_word' id='word_1_43' title='bbox 1384 945 1555 1031; x_wconf 74' lang='lat' dir='ltr'>dixerint),</span> <span class='ocrx_word' id='word_1_44' title='bbox 1588 944 1761 1011; x_wconf 86' lang='lat' dir='ltr'>evadere</span> <span class='ocrx_word' id='word_1_45' title='bbox 1797 945 1855 1029; x_wconf 82' lang='lat' dir='ltr'>llp</span> <span class='ocrx_word' id='word_1_46' title='bbox 1889 944 1941 1028; x_wconf 93' lang='grc'>22,</span> <span class='ocrx_word' id='word_1_47' title='bbox 1974 945 1995 1008; x_wconf 85' lang='grc'>9</span> 
     </span>
     <span class='ocr_line' id='line_1_6' title="bbox 410 1040 1993 1152; baseline -0.003 -20"><span class='ocrx_word' id='word_1_48' title='bbox 410 1068 521 1134; x_wconf 85' lang='lat' dir='ltr'>Facile</span> <span class='ocrx_word' id='word_1_49' title='bbox 544 1040 593 1134; x_wconf 87' lang='lat' dir='ltr'>est</span> <span class='ocrx_word' id='word_1_50' title='bbox 615 1076 733 1152; x_wconf 90' lang='lat' dir='ltr'>antem,</span> <span class='ocrx_word' id='word_1_51' title='bbox 757 1067 801 1132; x_wconf 90' lang='lat' dir='ltr'>mi</span> <span class='ocrx_word' id='word_1_52' title='bbox 826 1067 939 1150; x_wconf 77' lang='lat' dir='ltr'>Lucili,</span> <span class='ocrx_word' id='word_1_53' title='bbox 968 1065 1196 1152; x_wconf 72' lang='lat' dir='ltr'>occupationes</span> <span class='ocrx_word' id='word_1_54' title='bbox 1219 1064 1366 1147; x_wconf 85' lang='lat' dir='ltr'>evadere,</span> <span class='ocrx_word' id='word_1_55' title='bbox 1390 1064 1633 1150; x_wconf 89' lang='lat' dir='ltr'>(praeeuntibus</span> <span class='ocrx_word' id='word_1_56' title='bbox 1655 1064 1798 1148; x_wconf 73' lang='lat' dir='ltr'>Vergilio</span> <span class='ocrx_word' id='word_1_57' title='bbox 1821 1071 1853 1129; x_wconf 92' lang='lat' dir='ltr'>et</span> <span class='ocrx_word' id='word_1_58' title='bbox 1876 1062 1993 1128; x_wconf 79' lang='lat' dir='ltr'>Ouidio</span> 
     </span>
     <span class='ocr_line' id='line_1_7' title="bbox 411 1183 1994 1273; baseline -0.004 -20"><span class='ocrx_word' id='word_1_59' title='bbox 411 1189 509 1254; x_wconf 85' lang='lat' dir='ltr'>etiam</span> <span class='ocrx_word' id='word_1_60' title='bbox 533 1188 590 1254; x_wconf 90' lang='lat' dir='ltr'>alii</span> <span class='ocrx_word' id='word_1_61' title='bbox 612 1195 735 1272; x_wconf 85' lang='lat' dir='ltr'>argent.</span> <span class='ocrx_word' id='word_1_62' title='bbox 752 1193 815 1254; x_wconf 87' lang='lat' dir='ltr'>aet.</span> <span class='ocrx_word' id='word_1_63' title='bbox 839 1186 1021 1273; x_wconf 81' lang='lat' dir='ltr'>scriptores,</span> <span class='ocrx_word' id='word_1_64' title='bbox 1043 1193 1079 1252; x_wconf 90' lang='lat' dir='ltr'>ut</span> <span class='ocrx_word' id='word_1_65' title='bbox 1102 1186 1245 1268; x_wconf 80' lang='lat' dir='ltr'>Tacitus,</span> <span class='ocrx_word' id='word_1_66' title='bbox 1269 1183 1328 1250; x_wconf 90' lang='lat' dir='ltr'>hoo</span> <span class='ocrx_word' id='word_1_67' title='bbox 1351 1184 1483 1250; x_wconf 86' lang='lat' dir='ltr'>verbum</span> <span class='ocrx_word' id='word_1_68' title='bbox 1506 1203 1532 1250; x_wconf 90' lang='lat' dir='ltr'>c.</span> <span class='ocrx_word' id='word_1_69' title='bbox 1556 1183 1836 1270; x_wconf 81' lang='lat' dir='ltr'>conjunxerunt),</span> <span class='ocrx_word' id='word_1_70' title='bbox 1854 1203 1994 1250; x_wconf 88' lang='lat' dir='ltr'>esnen-</span> 
     </span>
     <span class='ocr_line' id='line_1_8' title="bbox 411 1301 1993 1392; baseline -0.003 -20"><span class='ocrx_word' id='word_1_71' title='bbox 411 1306 511 1374; x_wconf 89' lang='lat' dir='ltr'>dere</span> <span class='ocrx_word' id='word_1_72' title='bbox 534 1307 619 1372; x_wconf 86' lang='lat' dir='ltr'>Dial.</span> <span class='ocrx_word' id='word_1_73' title='bbox 635 1306 689 1390; x_wconf 90' lang='lat' dir='ltr'>Vl,</span> <span class='ocrx_word' id='word_1_74' title='bbox 715 1309 763 1388; x_wconf 88' lang='lat'>16,</span> <span class='ocrx_word' id='word_1_75' title='bbox 787 1307 807 1370; x_wconf 83' lang='lat'><strong>2</strong></span> <span class='ocrx_word' id='word_1_76' title='bbox 829 1305 994 1392; x_wconf 85' lang='lat' dir='ltr'>pulvinum</span> <span class='ocrx_word' id='word_1_77' title='bbox 1018 1305 1264 1372; x_wconf 81' lang='lat' dir='ltr'>escendentibus</span> <span class='ocrx_word' id='word_1_78' title='bbox 1287 1301 1430 1390; x_wconf 85' lang='lat' dir='ltr'>(praeter</span> <span class='ocrx_word' id='word_1_79' title='bbox 1443 1302 1599 1370; x_wconf 86' lang='lat' dir='ltr'>Senecam</span> <span class='ocrx_word' id='word_1_80' title='bbox 1615 1303 1691 1369; x_wconf 85' lang='lat' dir='ltr'>Sall.</span> <span class='ocrx_word' id='word_1_81' title='bbox 1709 1310 1741 1370; x_wconf 88' lang='lat' dir='ltr'>et</span> <span class='ocrx_word' id='word_1_82' title='bbox 1756 1303 1859 1369; x_wconf 81' lang='lat' dir='ltr'>Tacit.</span> <span class='ocrx_word' id='word_1_83' title='bbox 1881 1323 1907 1368; x_wconf 92' lang='lat' dir='ltr'>c.</span> <span class='ocrx_word' id='word_1_84' title='bbox 1929 1321 1993 1368; x_wconf 88' lang='lat' dir='ltr'>acc.</span> 
     </span>
     <span class='ocr_line' id='line_1_9' title="bbox 413 1421 1999 1514; baseline -0.003 -23"><span class='ocrx_word' id='word_1_85' title='bbox 413 1426 668 1514; x_wconf 85' lang='lat' dir='ltr'>coniunxerunt),</span> <span class='ocrx_word' id='word_1_86' title='bbox 684 1426 940 1512; x_wconf 78' lang='lat' dir='ltr'>praerodere</span> <span class='ocrx_word' id='word_1_87' title='bbox 962 1425 1047 1490; x_wconf 89' lang='lat' dir='ltr'>Dial.</span> <span class='ocrx_word' id='word_1_88' title='bbox 1060 1425 1100 1508; x_wconf 91' lang='lat' dir='ltr'>X,</span> <span class='ocrx_word' id='word_1_89' title='bbox 1118 1425 1199 1508; x_wconf 82' lang='lat' dir='ltr'>tl,6</span> <span class='ocrx_word' id='word_1_90' title='bbox 1216 1423 1366 1502; x_wconf 85' lang='lat' dir='ltr'>Quintius</span> <span class='ocrx_word' id='word_1_91' title='bbox 1387 1424 1580 1490; x_wconf 86' lang='lat' dir='ltr'>dictaturam</span> <span class='ocrx_word' id='word_1_92' title='bbox 1603 1431 1755 1508; x_wconf 88' lang='lat' dir='ltr'>proporat</span> <span class='ocrx_word' id='word_1_93' title='bbox 1777 1421 1974 1508; x_wconf 79' lang='lat' dir='ltr'>praerodere</span> <span class='ocrx_word' id='word_1_94' title='bbox 1985 1447 1999 1486; x_wconf 76' lang='lat' dir='ltr'>z·</span> 
     </span>
     <span class='ocr_line' id='line_1_10' title="bbox 410 1542 1993 1630; baseline -0.003 -20"><span class='ocrx_word' id='word_1_95' title='bbox 410 1545 453 1610; x_wconf 90' lang='lat' dir='ltr'>ab</span> <span class='ocrx_word' id='word_1_96' title='bbox 475 1553 582 1612; x_wconf 89' lang='lat' dir='ltr'>aratro</span> <span class='ocrx_word' id='word_1_97' title='bbox 606 1545 817 1614; x_wconf 87' lang='lat' dir='ltr'>revocabitur.</span> <span class='ocrx_word' id='word_1_98' title='bbox 863 1543 1018 1630; x_wconf 88' lang='lat' dir='ltr'>(Verbum</span> <span class='ocrx_word' id='word_1_99' title='bbox 1041 1543 1273 1630; x_wconf 81' lang='lat' dir='ltr'>praecedendi,</span> <span class='ocrx_word' id='word_1_100' title='bbox 1295 1543 1382 1626; x_wconf 90' lang='lat' dir='ltr'>quod</span> <span class='ocrx_word' id='word_1_101' title='bbox 1403 1543 1437 1608; x_wconf 90' lang='lat' dir='ltr'>in</span> <span class='ocrx_word' id='word_1_102' title='bbox 1458 1543 1572 1608; x_wconf 83' lang='lat' dir='ltr'>lexicis</span> <span class='ocrx_word' id='word_1_103' title='bbox 1594 1563 1614 1607; x_wconf 88' lang='lat' dir='ltr'>a</span> <span class='ocrx_word' id='word_1_104' title='bbox 1636 1543 1770 1608; x_wconf 78' lang='lat' dir='ltr'>Forcell.</span> <span class='ocrx_word' id='word_1_105' title='bbox 1794 1550 1827 1608; x_wconf 92' lang='lat' dir='ltr'>et</span> <span class='ocrx_word' id='word_1_106' title='bbox 1848 1542 1993 1609; x_wconf 84' lang='lat' dir='ltr'>Gesnero</span> 
     </span>
     <span class='ocr_line' id='line_1_11' title="bbox 408 1662 1993 1751; baseline -0.003 -21"><span class='ocrx_word' id='word_1_107' title='bbox 408 1664 507 1730; x_wconf 86' lang='lat' dir='ltr'>editis</span> <span class='ocrx_word' id='word_1_108' title='bbox 535 1671 707 1751; x_wconf 90' lang='lat' dir='ltr'>propterea</span> <span class='ocrx_word' id='word_1_109' title='bbox 739 1664 959 1747; x_wconf 87' lang='lat' dir='ltr'>desideratur,</span> <span class='ocrx_word' id='word_1_110' title='bbox 993 1663 1079 1748; x_wconf 89' lang='lat' dir='ltr'>quod</span> <span class='ocrx_word' id='word_1_111' title='bbox 1107 1664 1139 1730; x_wconf 91' lang='lat' dir='ltr'>in</span> <span class='ocrx_word' id='word_1_112' title='bbox 1167 1664 1234 1730; x_wconf 89' lang='lat' dir='ltr'>suis</span> <span class='ocrx_word' id='word_1_113' title='bbox 1257 1663 1402 1728; x_wconf 85' lang='lat' dir='ltr'>Senecae</span> <span class='ocrx_word' id='word_1_114' title='bbox 1431 1662 1669 1748; x_wconf 83' lang='lat' dir='ltr'>exemplaribus</span> <span class='ocrx_word' id='word_1_115' title='bbox 1700 1682 1757 1747; x_wconf 92' lang='lat' dir='ltr'>pro</span> <span class='ocrx_word' id='word_1_116' title='bbox 1789 1681 1827 1728; x_wconf 88' lang='lat' dir='ltr'>eo</span> <span class='ocrx_word' id='word_1_117' title='bbox 1854 1663 1993 1728; x_wconf 87' lang='lat' dir='ltr'>evadere</span> 
     </span>
     <span class='ocr_line' id='line_1_12' title="bbox 409 1780 1992 1869; baseline -0.003 -21"><span class='ocrx_word' id='word_1_118' title='bbox 409 1785 462 1850; x_wconf 87' lang='lat' dir='ltr'>vel</span> <span class='ocrx_word' id='word_1_119' title='bbox 484 1784 664 1869; x_wconf 87' lang='lat' dir='ltr'>pervadere</span> <span class='ocrx_word' id='word_1_120' title='bbox 688 1784 887 1868; x_wconf 89' lang='lat' dir='ltr'>invenerunt,</span> <span class='ocrx_word' id='word_1_121' title='bbox 910 1784 1100 1869; x_wconf 89' lang='lat' dir='ltr'>optimorum</span> <span class='ocrx_word' id='word_1_122' title='bbox 1123 1783 1268 1850; x_wconf 89' lang='lat' dir='ltr'>codicum</span> <span class='ocrx_word' id='word_1_123' title='bbox 1291 1782 1481 1848; x_wconf 87' lang='lat' dir='ltr'>auctoritate</span> <span class='ocrx_word' id='word_1_124' title='bbox 1504 1783 1572 1846; x_wconf 85' lang='lat' dir='ltr'>nixi</span> <span class='ocrx_word' id='word_1_125' title='bbox 1587 1781 1726 1846; x_wconf 82' lang='lat' dir='ltr'>Fickert.</span> <span class='ocrx_word' id='word_1_126' title='bbox 1750 1787 1783 1846; x_wconf 93' lang='lat' dir='ltr'>et</span> <span class='ocrx_word' id='word_1_127' title='bbox 1797 1780 1936 1848; x_wconf 86' lang='lat' dir='ltr'>Haasius</span> <span class='ocrx_word' id='word_1_128' title='bbox 1960 1781 1992 1843; x_wconf 92' lang='lat' dir='ltr'>in</span> 
     </span>
     <span class='ocr_line' id='line_1_13' title="bbox 409 1899 1992 1990; baseline -0.003 -22"><span class='ocrx_word' id='word_1_129' title='bbox 409 1903 555 1969; x_wconf 90' lang='lat' dir='ltr'>ordinem</span> <span class='ocrx_word' id='word_1_130' title='bbox 579 1904 748 1970; x_wconf 89' lang='lat' dir='ltr'>verborum</span> <span class='ocrx_word' id='word_1_131' title='bbox 779 1911 979 1990; x_wconf 90' lang='lat' dir='ltr'>receperunt.</span> <span class='ocrx_word' id='word_1_132' title='bbox 1024 1903 1149 1972; x_wconf 86' lang='lat' dir='ltr'>Seneca</span> <span class='ocrx_word' id='word_1_133' title='bbox 1171 1901 1214 1968; x_wconf 85' lang='lat' dir='ltr'>ad</span> <span class='ocrx_word' id='word_1_134' title='bbox 1242 1902 1423 1986; x_wconf 76' lang='lat' dir='ltr'>analogiam</span> <span class='ocrx_word' id='word_1_135' title='bbox 1449 1901 1618 1966; x_wconf 88' lang='lat' dir='ltr'>verborum</span> <span class='ocrx_word' id='word_1_136' title='bbox 1640 1899 1878 1985; x_wconf 89' lang='lat' dir='ltr'>praecurrendi,</span> <span class='ocrx_word' id='word_1_137' title='bbox 1900 1919 1992 1985; x_wconf 87' lang='lat' dir='ltr'>prae·</span> 
     </span>
     <span class='ocr_line' id='line_1_14' title="bbox 410 2017 1993 2108; baseline -0.002 -22"><span class='ocrx_word' id='word_1_138' title='bbox 410 2021 541 2106; x_wconf 89' lang='lat' dir='ltr'>fluendi,</span> <span class='ocrx_word' id='word_1_139' title='bbox 558 2022 777 2108; x_wconf 87' lang='lat' dir='ltr'>praelabendi,</span> <span class='ocrx_word' id='word_1_140' title='bbox 799 2021 1017 2108; x_wconf 88' lang='lat' dir='ltr'>praevehendi</span> <span class='ocrx_word' id='word_1_141' title='bbox 1040 2022 1280 2088; x_wconf 87' lang='lat' dir='ltr'>etiamverbum</span> <span class='ocrx_word' id='word_1_142' title='bbox 1303 2020 1522 2106; x_wconf 88' lang='lat' dir='ltr'>praevadendi</span> <span class='ocrx_word' id='word_1_143' title='bbox 1540 2041 1566 2085; x_wconf 92' lang='lat' dir='ltr'>o.</span> <span class='ocrx_word' id='word_1_144' title='bbox 1584 2041 1649 2086; x_wconf 90' lang='lat' dir='ltr'>aco.</span> <span class='ocrx_word' id='word_1_145' title='bbox 1669 2021 1819 2104; x_wconf 86' lang='lat' dir='ltr'>junxisse</span> <span class='ocrx_word' id='word_1_146' title='bbox 1831 2017 1993 2104; x_wconf 91' lang='lat' dir='ltr'>putandus</span> 
     </span>
     <span class='ocr_line' id='line_1_15' title="bbox 414 2140 2004 2226; baseline -0.003 -19"><span class='ocrx_word' id='word_1_147' title='bbox 414 2142 487 2226; x_wconf 87' lang='lat' dir='ltr'>est.)</span> <span class='ocrx_word' id='word_1_148' title='bbox 524 2142 633 2208; x_wconf 87' lang='lat' dir='ltr'>Verbo</span> <span class='ocrx_word' id='word_1_149' title='bbox 655 2142 834 2208; x_wconf 88' lang='lat' dir='ltr'>canendi</span> <span class='ocrx_word' id='word_1_150' title='bbox 856 2149 889 2208; x_wconf 90' lang='lat' dir='ltr'>et</span> <span class='ocrx_word' id='word_1_151' title='bbox 910 2141 1107 2225; x_wconf 88' lang='lat' dir='ltr'>loquendi</span> <span class='ocrx_word' id='word_1_152' title='bbox 1130 2141 1305 2208; x_wconf 73' lang='lat' dir='ltr'>moundum</span> <span class='ocrx_word' id='word_1_153' title='bbox 1328 2150 1441 2226; x_wconf 84' lang='lat' dir='ltr'>poetas</span> <span class='ocrx_word' id='word_1_154' title='bbox 1454 2143 1639 2223; x_wconf 82' lang='lat' dir='ltr'>Augusteae</span> <span class='ocrx_word' id='word_1_155' title='bbox 1658 2140 1775 2205; x_wconf 85' lang='lat' dir='ltr'>aetatis</span> <span class='ocrx_word' id='word_1_156' title='bbox 1798 2159 1869 2204; x_wconf 88' lang='lat' dir='ltr'>curn</span> <span class='ocrx_word' id='word_1_157' title='bbox 1891 2157 2004 2203; x_wconf 85' lang='lat' dir='ltr'>accus..</span> 
     </span>
     <span class='ocr_line' id='line_1_16' title="bbox 410 2257 1993 2348; baseline -0.003 -22"><span class='ocrx_word' id='word_1_158' title='bbox 410 2261 578 2345; x_wconf 85' lang='lat' dir='ltr'>conjunxit</span> <span class='ocrx_word' id='word_1_159' title='bbox 601 2263 659 2348; x_wconf 86' lang='lat' dir='ltr'>Ep.</span> <span class='ocrx_word' id='word_1_160' title='bbox 683 2263 733 2344; x_wconf 78' lang='lat'>79,</span> <span class='ocrx_word' id='word_1_161' title='bbox 752 2264 792 2327; x_wconf 78' lang='lat'>15</span> <span class='ocrx_word' id='word_1_162' title='bbox 816 2281 887 2328; x_wconf 88' lang='lat' dir='ltr'>cum</span> <span class='ocrx_word' id='word_1_163' title='bbox 910 2261 1084 2326; x_wconf 85' lang='lat' dir='ltr'>amicitiam</span> <span class='ocrx_word' id='word_1_164' title='bbox 1107 2269 1198 2326; x_wconf 88' lang='lat' dir='ltr'>suam</span> <span class='ocrx_word' id='word_1_165' title='bbox 1223 2266 1256 2326; x_wconf 90' lang='lat' dir='ltr'>et</span> <span class='ocrx_word' id='word_1_166' title='bbox 1278 2260 1452 2327; x_wconf 87' lang='lat' dir='ltr'>Metrodori</span> <span class='ocrx_word' id='word_1_167' title='bbox 1474 2267 1568 2343; x_wconf 82' lang='lat' dir='ltr'>grato</span> <span class='ocrx_word' id='word_1_168' title='bbox 1591 2259 1891 2324; x_wconf 81' lang='lat' dir='ltr'>commemoratione</span> <span class='ocrx_word' id='word_1_169' title='bbox 1914 2257 1993 2322; x_wconf 87' lang='lat' dir='ltr'>ceci-</span> 
     </span>
     <span class='ocr_line' id='line_1_17' title="bbox 407 2377 1988 2464; baseline -0.003 -19"><span class='ocrx_word' id='word_1_170' title='bbox 407 2381 518 2464; x_wconf 89' lang='lat' dir='ltr'>nisset,</span> <span class='ocrx_word' id='word_1_171' title='bbox 543 2381 592 2446; x_wconf 91' lang='lat' dir='ltr'>De</span> <span class='ocrx_word' id='word_1_172' title='bbox 616 2380 714 2448; x_wconf 85' lang='lat' dir='ltr'>Olem.</span> <span class='ocrx_word' id='word_1_173' title='bbox 737 2381 763 2464; x_wconf 96' lang='lat' dir='ltr'>I,</span> <span class='ocrx_word' id='word_1_174' title='bbox 788 2383 858 2464; x_wconf 86' lang='lat'>1,6</span> <span class='ocrx_word' id='word_1_175' title='bbox 892 2400 984 2445; x_wconf 90' lang='lat' dir='ltr'>nemo</span> <span class='ocrx_word' id='word_1_176' title='bbox 1009 2380 1079 2464; x_wconf 88' lang='lat' dir='ltr'>jarn</span> <span class='ocrx_word' id='word_1_177' title='bbox 1112 2379 1222 2445; x_wconf 89' lang='lat' dir='ltr'>divum</span> <span class='ocrx_word' id='word_1_178' title='bbox 1251 2383 1432 2463; x_wconf 79' lang='lat' dir='ltr'>Angustum</span> <span class='ocrx_word' id='word_1_179' title='bbox 1464 2398 1523 2444; x_wconf 90' lang='lat' dir='ltr'>nec</span> <span class='ocrx_word' id='word_1_180' title='bbox 1554 2379 1677 2444; x_wconf 83' lang='lat' dir='ltr'>Tiberii</span> <span class='ocrx_word' id='word_1_181' title='bbox 1701 2377 1850 2444; x_wconf 80' lang='lat' dir='ltr'>Caesaris</span> <span class='ocrx_word' id='word_1_182' title='bbox 1886 2377 1988 2462; x_wconf 87' lang='lat' dir='ltr'>prima</span> 
     </span>
     <span class='ocr_line' id='line_1_18' title="bbox 408 2497 1998 2586; baseline -0.003 -22"><span class='ocrx_word' id='word_1_183' title='bbox 408 2507 554 2585; x_wconf 89' lang='lat' dir='ltr'>tempora</span> <span class='ocrx_word' id='word_1_184' title='bbox 585 2501 726 2583; x_wconf 89' lang='lat' dir='ltr'>loquitur</span> <span class='ocrx_word' id='word_1_185' title='bbox 751 2527 792 2554; x_wconf 93' lang='lat'>=</span> <span class='ocrx_word' id='word_1_186' title='bbox 821 2499 997 2586; x_wconf 89' lang='lat' dir='ltr'>praedicat,</span> <span class='ocrx_word' id='word_1_187' title='bbox 1032 2501 1087 2567; x_wconf 90' lang='lat' dir='ltr'>csr.</span> <span class='ocrx_word' id='word_1_188' title='bbox 1112 2500 1187 2564; x_wconf 86' lang='lat' dir='ltr'>Ben</span> <span class='ocrx_word' id='word_1_189' title='bbox 1214 2499 1284 2581; x_wconf 94' lang='lat' dir='ltr'>Vll,</span> <span class='ocrx_word' id='word_1_190' title='bbox 1313 2500 1364 2583; x_wconf 87' lang='grc'>26,</span> <span class='ocrx_word' id='word_1_191' title='bbox 1393 2500 1422 2563; x_wconf 85' lang='grc'>4.</span> <span class='ocrx_word' id='word_1_192' title='bbox 1468 2497 1554 2576; x_wconf 84' lang='lat' dir='ltr'>Quid</span> <span class='ocrx_word' id='word_1_193' title='bbox 1590 2498 1821 2564; x_wconf 84' lang='lat' dir='ltr'>contumaciam</span> <span class='ocrx_word' id='word_1_194' title='bbox 1858 2497 1891 2563; x_wconf 92' lang='lat' dir='ltr'>in</span> <span class='ocrx_word' id='word_1_195' title='bbox 1922 2515 1998 2581; x_wconf 89' lang='lat' dir='ltr'>per--</span> 
     </span>
     <span class='ocr_line' id='line_1_19' title="bbox 409 2617 2000 2704; baseline -0.002 -21"><span class='ocrx_word' id='word_1_196' title='bbox 409 2639 505 2686; x_wconf 77' lang='lat' dir='ltr'>versa</span> <span class='ocrx_word' id='word_1_197' title='bbox 533 2619 710 2702; x_wconf 90' lang='lat' dir='ltr'>nitentium,</span> <span class='ocrx_word' id='word_1_198' title='bbox 743 2618 822 2702; x_wconf 87' lang='lat' dir='ltr'>quid</span> <span class='ocrx_word' id='word_1_199' title='bbox 851 2619 1015 2685; x_wconf 90' lang='lat' dir='ltr'>levitatem</span> <span class='ocrx_word' id='word_1_200' title='bbox 1045 2639 1172 2704; x_wconf 89' lang='lat' dir='ltr'>semper</span> <span class='ocrx_word' id='word_1_201' title='bbox 1199 2617 1307 2701; x_wconf 90' lang='lat' dir='ltr'>aliquo</span> <span class='ocrx_word' id='word_1_202' title='bbox 1336 2618 1601 2685; x_wconf 75' lang='lat' dir='ltr'>transsiliendum</span> <span class='ocrx_word' id='word_1_203' title='bbox 1633 2619 1746 2700; x_wconf 88' lang='lat' dir='ltr'>loquar</span> <span class='ocrx_word' id='word_1_204' title='bbox 1775 2645 1818 2670; x_wconf 94' lang='lat'><strong><em>=</em></strong></span> <span class='ocrx_word' id='word_1_205' title='bbox 1860 2635 2000 2682; x_wconf 87' lang='lat' dir='ltr'>comme·-</span> 
     </span>
     <span class='ocr_line' id='line_1_20' title="bbox 411 2734 1993 2824; baseline -0.003 -21"><span class='ocrx_word' id='word_1_206' title='bbox 411 2740 556 2806; x_wconf 78' lang='lat' dir='ltr'>morem?</span> <span class='ocrx_word' id='word_1_207' title='bbox 601 2739 741 2804; x_wconf 84' lang='lat' dir='ltr'>Diversa</span> <span class='ocrx_word' id='word_1_208' title='bbox 761 2747 836 2804; x_wconf 90' lang='lat' dir='ltr'>sunt</span> <span class='ocrx_word' id='word_1_209' title='bbox 858 2759 907 2824; x_wconf 87' lang='lat' dir='ltr'>ea,</span> <span class='ocrx_word' id='word_1_210' title='bbox 929 2757 1012 2822; x_wconf 89' lang='lat' dir='ltr'>quae</span> <span class='ocrx_word' id='word_1_211' title='bbox 1033 2739 1121 2823; x_wconf 90' lang='lat' dir='ltr'>apud</span> <span class='ocrx_word' id='word_1_212' title='bbox 1146 2738 1331 2804; x_wconf 83' lang='lat' dir='ltr'>Ciceronem</span> <span class='ocrx_word' id='word_1_213' title='bbox 1355 2737 1560 2806; x_wconf 89' lang='lat' dir='ltr'>inveniuntur</span> <span class='ocrx_word' id='word_1_214' title='bbox 1583 2737 1723 2820; x_wconf 88' lang='lat' dir='ltr'>„classes</span> <span class='ocrx_word' id='word_1_215' title='bbox 1745 2737 1863 2820; x_wconf 87' lang='lat' dir='ltr'>loqci“,</span> <span class='ocrx_word' id='word_1_216' title='bbox 1887 2734 1993 2819; x_wconf 61' lang='grc' dir='ltr'><strong>,03ῐί-</strong></span> 
     </span>
     <span class='ocr_line' id='line_1_21' title="bbox 410 2857 1991 2945; baseline -0.002 -22"><span class='ocrx_word' id='word_1_217' title='bbox 410 2859 508 2926; x_wconf 88' lang='lat' dir='ltr'>linem</span> <span class='ocrx_word' id='word_1_218' title='bbox 531 2858 579 2944; x_wconf 85' lang='lat' dir='ltr'>l.“,</span> <span class='ocrx_word' id='word_1_219' title='bbox 613 2866 786 2945; x_wconf 87' lang='lat' dir='ltr'>propterea</span> <span class='ocrx_word' id='word_1_220' title='bbox 819 2859 905 2942; x_wconf 89' lang='lat' dir='ltr'>quod</span> <span class='ocrx_word' id='word_1_221' title='bbox 940 2859 1028 2941; x_wconf 90' lang='lat' dir='ltr'>loqui</span> <span class='ocrx_word' id='word_1_222' title='bbox 1061 2859 1096 2922; x_wconf 91' lang='lat' dir='ltr'>in</span> <span class='ocrx_word' id='word_1_223' title='bbox 1128 2857 1178 2924; x_wconf 88' lang='lat' dir='ltr'>his</span> <span class='ocrx_word' id='word_1_224' title='bbox 1214 2857 1426 2924; x_wconf 86' lang='lat' dir='ltr'>locutionibus</span> <span class='ocrx_word' id='word_1_225' title='bbox 1462 2865 1591 2924; x_wconf 91' lang='lat' dir='ltr'>nostrae</span> <span class='ocrx_word' id='word_1_226' title='bbox 1625 2857 1757 2924; x_wconf 88' lang='lat' dir='ltr'>dictioni</span> <span class='ocrx_word' id='word_1_227' title='bbox 1791 2861 1853 2940; x_wconf 83' lang='lat' dir='ltr'>„im</span> <span class='ocrx_word' id='word_1_228' title='bbox 1875 2859 1991 2924; x_wconf 80' lang='lat' dir='ltr'>blande</span> 
     </span>
     <span class='ocr_line' id='line_1_22' title="bbox 407 2976 1995 3064; baseline -0.004 -20"><span class='ocrx_word' id='word_1_229' title='bbox 407 2977 542 3063; x_wconf 65' lang='lat' dir='ltr'>{direm‘</span> <span class='ocrx_word' id='word_1_230' title='bbox 573 2978 754 3063; x_wconf 88' lang='lat' dir='ltr'>respondet,</span> <span class='ocrx_word' id='word_1_231' title='bbox 787 2977 920 3063; x_wconf 87' lang='lat' dir='ltr'>propius</span> <span class='ocrx_word' id='word_1_232' title='bbox 951 2977 1044 3044; x_wconf 90' lang='lat' dir='ltr'>abest</span> <span class='ocrx_word' id='word_1_233' title='bbox 1066 2977 1279 3044; x_wconf 89' lang='lat' dir='ltr'>Horatianum</span> <span class='ocrx_word' id='word_1_234' title='bbox 1313 2977 1392 3044; x_wconf 91' lang='lat' dir='ltr'>illud</span> <span class='ocrx_word' id='word_1_235' title='bbox 1426 2976 1630 3064; x_wconf 79' lang='lat' dir='ltr'>(e.1v‚15)</span> <span class='ocrx_word' id='word_1_236' title='bbox 1663 2976 1815 3042; x_wconf 90' lang='lat' dir='ltr'>Phoebus</span> <span class='ocrx_word' id='word_1_237' title='bbox 1837 2976 1995 3041; x_wconf 87' lang='lat' dir='ltr'>volentem</span> 
     </span>
     <span class='ocr_line' id='line_1_23' title="bbox 409 3096 1992 3183; baseline -0.001 -23"><span class='ocrx_word' id='word_1_238' title='bbox 409 3097 535 3181; x_wconf 92' lang='lat' dir='ltr'>proelia</span> <span class='ocrx_word' id='word_1_239' title='bbox 557 3117 607 3163; x_wconf 90' lang='lat' dir='ltr'>me</span> <span class='ocrx_word' id='word_1_240' title='bbox 630 3097 726 3180; x_wconf 90' lang='lat' dir='ltr'>loqui.</span> <span class='ocrx_word' id='word_1_241' title='bbox 781 3097 918 3163; x_wconf 86' lang='lat' dir='ltr'>Restant</span> <span class='ocrx_word' id='word_1_242' title='bbox 948 3097 1012 3162; x_wconf 93' lang='lat' dir='ltr'>duo</span> <span class='ocrx_word' id='word_1_243' title='bbox 1049 3096 1163 3183; x_wconf 88' lang='lat' dir='ltr'>verba,</span> <span class='ocrx_word' id='word_1_244' title='bbox 1196 3116 1279 3179; x_wconf 90' lang='lat' dir='ltr'>quae</span> <span class='ocrx_word' id='word_1_245' title='bbox 1301 3097 1426 3164; x_wconf 88' lang='lat' dir='ltr'>Seneca</span> <span class='ocrx_word' id='word_1_246' title='bbox 1456 3097 1529 3181; x_wconf 91' lang='lat' dir='ltr'>ipsa</span> <span class='ocrx_word' id='word_1_247' title='bbox 1562 3115 1689 3180; x_wconf 88' lang='lat' dir='ltr'>quoque</span> <span class='ocrx_word' id='word_1_248' title='bbox 1723 3116 1794 3162; x_wconf 92' lang='lat' dir='ltr'>cum</span> <span class='ocrx_word' id='word_1_249' title='bbox 1824 3115 1890 3162; x_wconf 89' lang='lat' dir='ltr'>aen.</span> <span class='ocrx_word' id='word_1_250' title='bbox 1920 3114 1992 3160; x_wconf 94' lang='lat' dir='ltr'>con-</span> 
     </span>
     <span class='ocr_line' id='line_1_24' title="bbox 405 3215 1996 3302; baseline -0.003 -20"><span class='ocrx_word' id='word_1_251' title='bbox 405 3215 532 3302; x_wconf 83' lang='lat' dir='ltr'>junxit,</span> <span class='ocrx_word' id='word_1_252' title='bbox 568 3217 668 3286; x_wconf 89' lang='lat' dir='ltr'>verba</span> <span class='ocrx_word' id='word_1_253' title='bbox 701 3215 942 3284; x_wconf 86' lang='lat' dir='ltr'>debellandi</span> <span class='ocrx_word' id='word_1_254' title='bbox 977 3224 1009 3282; x_wconf 93' lang='lat' dir='ltr'>et</span> <span class='ocrx_word' id='word_1_255' title='bbox 1041 3216 1305 3282; x_wconf 80' lang='lat' dir='ltr'>fulminandi.</span> <span class='ocrx_word' id='word_1_256' title='bbox 1370 3217 1418 3281; x_wconf 81' lang='lat' dir='ltr'>Ac</span> <span class='ocrx_word' id='word_1_257' title='bbox 1448 3215 1686 3301; x_wconf 88' lang='lat' dir='ltr'>debellare,</span> <span class='ocrx_word' id='word_1_258' title='bbox 1719 3215 1806 3299; x_wconf 87' lang='lat' dir='ltr'>qnod</span> <span class='ocrx_word' id='word_1_259' title='bbox 1839 3215 1996 3301; x_wconf 91' lang='lat' dir='ltr'>imprimis</span> 
     </span>
     <span class='ocr_line' id='line_1_25' title="bbox 408 3334 1991 3422; baseline -0.001 -22"><span class='ocrx_word' id='word_1_260' title='bbox 408 3355 430 3400; x_wconf 89' lang='lat' dir='ltr'>a</span> <span class='ocrx_word' id='word_1_261' title='bbox 468 3335 562 3404; x_wconf 88' lang='lat' dir='ltr'>Livio</span> <span class='ocrx_word' id='word_1_262' title='bbox 606 3335 864 3422; x_wconf 84' lang='lat' dir='ltr'>impersonaliter</span> <span class='ocrx_word' id='word_1_263' title='bbox 915 3341 1105 3422; x_wconf 87' lang='lat' dir='ltr'>usurpatur,</span> <span class='ocrx_word' id='word_1_264' title='bbox 1151 3335 1315 3420; x_wconf 80' lang='lat' dir='ltr'>Vergilius</span> <span class='ocrx_word' id='word_1_265' title='bbox 1357 3337 1479 3421; x_wconf 88' lang='lat' dir='ltr'>primus</span> <span class='ocrx_word' id='word_1_266' title='bbox 1522 3355 1594 3402; x_wconf 91' lang='lat' dir='ltr'>cum</span> <span class='ocrx_word' id='word_1_267' title='bbox 1637 3355 1741 3402; x_wconf 88' lang='lat' dir='ltr'>accus.</span> <span class='ocrx_word' id='word_1_268' title='bbox 1786 3334 1991 3418; x_wconf 85' lang='lat' dir='ltr'>conjunxisse</span> 
     </span>
     <span class='ocr_line' id='line_1_26' title="bbox 409 3453 1993 3542; baseline 0 -23"><span class='ocrx_word' id='word_1_269' title='bbox 409 3454 553 3539; x_wconf 87' lang='lat' dir='ltr'>videtur,</span> <span class='ocrx_word' id='word_1_270' title='bbox 600 3475 694 3540; x_wconf 90' lang='lat' dir='ltr'>quem</span> <span class='ocrx_word' id='word_1_271' title='bbox 732 3456 875 3524; x_wconf 89' lang='lat' dir='ltr'>nonnulli</span> <span class='ocrx_word' id='word_1_272' title='bbox 916 3462 1091 3542; x_wconf 82' lang='lat' dir='ltr'>argenteae</span> <span class='ocrx_word' id='word_1_273' title='bbox 1134 3455 1252 3524; x_wconf 85' lang='lat' dir='ltr'>aetatis</span> <span class='ocrx_word' id='word_1_274' title='bbox 1295 3456 1469 3541; x_wconf 85' lang='lat' dir='ltr'>scriptores</span> <span class='ocrx_word' id='word_1_275' title='bbox 1513 3455 1615 3522; x_wconf 88' lang='lat' dir='ltr'>secuti</span> <span class='ocrx_word' id='word_1_276' title='bbox 1652 3463 1736 3523; x_wconf 90' lang='lat' dir='ltr'>sunt.</span> <span class='ocrx_word' id='word_1_277' title='bbox 1803 3456 1832 3520; x_wconf 79' lang='lat' dir='ltr'>A</span> <span class='ocrx_word' id='word_1_278' title='bbox 1870 3453 1993 3520; x_wconf 89' lang='lat' dir='ltr'>Seneca</span> 
     </span>
     <span class='ocr_line' id='line_1_27' title="bbox 409 3573 1991 3661; baseline -0.001 -23"><span class='ocrx_word' id='word_1_279' title='bbox 409 3573 534 3644; x_wconf 88' lang='lat' dir='ltr'>duobos</span> <span class='ocrx_word' id='word_1_280' title='bbox 555 3574 635 3644; x_wconf 87' lang='lat' dir='ltr'>locis</span> <span class='ocrx_word' id='word_1_281' title='bbox 657 3575 704 3643; x_wconf 90' lang='lat' dir='ltr'>sic</span> <span class='ocrx_word' id='word_1_282' title='bbox 726 3583 915 3661; x_wconf 86' lang='lat' dir='ltr'>usurpatur:</span> <span class='ocrx_word' id='word_1_283' title='bbox 940 3575 1016 3642; x_wconf 92' lang='lat' dir='ltr'>Ben.</span> <span class='ocrx_word' id='word_1_284' title='bbox 1037 3576 1097 3660; x_wconf 87' lang='grc' dir='ltr'><strong>ΙΙΙ,</strong></span> <span class='ocrx_word' id='word_1_285' title='bbox 1118 3577 1169 3659; x_wconf 88' lang='grc'>32,</span> <span class='ocrx_word' id='word_1_286' title='bbox 1192 3577 1213 3642; x_wconf 82' lang='grc'>5</span> <span class='ocrx_word' id='word_1_287' title='bbox 1235 3581 1308 3661; x_wconf 88' lang='lat' dir='ltr'>post</span> <span class='ocrx_word' id='word_1_288' title='bbox 1329 3574 1494 3641; x_wconf 87' lang='lat' dir='ltr'>debellata</span> <span class='ocrx_word' id='word_1_289' title='bbox 1515 3575 1625 3641; x_wconf 84' lang='lat' dir='ltr'>ciuilia</span> <span class='ocrx_word' id='word_1_290' title='bbox 1646 3594 1737 3640; x_wconf 88' lang='lat' dir='ltr'>arma</span> <span class='ocrx_word' id='word_1_291' title='bbox 1759 3581 1792 3640; x_wconf 92' lang='lat' dir='ltr'>et</span> <span class='ocrx_word' id='word_1_292' title='bbox 1814 3575 1873 3660; x_wconf 82' lang='lat' dir='ltr'>llp.</span> <span class='ocrx_word' id='word_1_293' title='bbox 1897 3574 1948 3656; x_wconf 79' lang='lat'>45,</span> <span class='ocrx_word' id='word_1_294' title='bbox 1970 3574 1991 3636; x_wconf 88' lang='grc'><strong>9</strong></span> 
     </span>
     <span class='ocr_line' id='line_1_28' title="bbox 409 3692 1991 3780; baseline 0.001 -22"><span class='ocrx_word' id='word_1_295' title='bbox 409 3692 483 3778; x_wconf 82' lang='lat' dir='ltr'>tela,</span> <span class='ocrx_word' id='word_1_296' title='bbox 506 3693 622 3776; x_wconf 89' lang='lat' dir='ltr'>quibus</span> <span class='ocrx_word' id='word_1_297' title='bbox 651 3714 753 3780; x_wconf 82' lang='lat' dir='ltr'>gertus</span> <span class='ocrx_word' id='word_1_298' title='bbox 783 3694 956 3762; x_wconf 88' lang='lat' dir='ltr'>humanum</span> <span class='ocrx_word' id='word_1_299' title='bbox 986 3695 1174 3770; x_wconf 83' lang='lat' dir='ltr'>debellatur.</span> <span class='ocrx_word' id='word_1_300' title='bbox 1220 3693 1492 3760; x_wconf 80' lang='lat' dir='ltr'>Fulminandi</span> <span class='ocrx_word' id='word_1_301' title='bbox 1513 3693 1647 3760; x_wconf 88' lang='lat' dir='ltr'>verbum</span> <span class='ocrx_word' id='word_1_302' title='bbox 1674 3694 1800 3760; x_wconf 86' lang='lat' dir='ltr'>Seneca</span> <span class='ocrx_word' id='word_1_303' title='bbox 1822 3713 1893 3760; x_wconf 90' lang='lat' dir='ltr'>cum</span> <span class='ocrx_word' id='word_1_304' title='bbox 1925 3712 1991 3760; x_wconf 89' lang='lat' dir='ltr'>aec.</span> 
     </span>
     <span class='ocr_line' id='line_1_29' title="bbox 404 3811 2003 3900; baseline 0.001 -23"><span class='ocrx_word' id='word_1_305' title='bbox 404 3811 515 3895; x_wconf 82' lang='lat' dir='ltr'>junxit</span> <span class='ocrx_word' id='word_1_306' title='bbox 537 3813 621 3881; x_wconf 88' lang='lat' dir='ltr'>Dial.</span> <span class='ocrx_word' id='word_1_307' title='bbox 643 3815 681 3898; x_wconf 87' lang='lat' dir='ltr'>V,</span> <span class='ocrx_word' id='word_1_308' title='bbox 695 3816 754 3898; x_wconf 83' lang='lat'>6,1</span> <span class='ocrx_word' id='word_1_309' title='bbox 780 3815 933 3884; x_wconf 83' lang='lat' dir='ltr'>iuferiora</span> <span class='ocrx_word' id='word_1_310' title='bbox 955 3815 1166 3886; x_wconf 87' lang='lat' dir='ltr'>fulminantur</span> <span class='ocrx_word' id='word_1_311' title='bbox 1188 3814 1206 3878; x_wconf 93' lang='lat' dir='ltr'>i.</span> <span class='ocrx_word' id='word_1_312' title='bbox 1230 3833 1257 3879; x_wconf 93' lang='lat' dir='ltr'>e.</span> <span class='ocrx_word' id='word_1_313' title='bbox 1282 3813 1415 3882; x_wconf 81' lang='lat' dir='ltr'>fulmine</span> <span class='ocrx_word' id='word_1_314' title='bbox 1436 3813 1668 3898; x_wconf 88' lang='lat' dir='ltr'>percutiuntur,</span> <span class='ocrx_word' id='word_1_315' title='bbox 1689 3813 1852 3900; x_wconf 89' lang='lat' dir='ltr'>(similiter</span> <span class='ocrx_word' id='word_1_316' title='bbox 1868 3813 2003 3878; x_wconf 78' lang='lat' dir='ltr'>Peteon..</span> 
     </span>
     <span class='ocr_line' id='line_1_30' title="bbox 410 3931 1799 4020; baseline 0.002 -25"><span class='ocrx_word' id='word_1_317' title='bbox 410 3939 442 3996; x_wconf 91' lang='lat' dir='ltr'>et</span> <span class='ocrx_word' id='word_1_318' title='bbox 464 3931 545 3999; x_wconf 92' lang='lat' dir='ltr'>Pliu.</span> <span class='ocrx_word' id='word_1_319' title='bbox 570 3932 644 4017; x_wconf 78' lang='lat' dir='ltr'>maj,</span> <span class='ocrx_word' id='word_1_320' title='bbox 668 3940 700 3999; x_wconf 91' lang='lat' dir='ltr'>ct</span> <span class='ocrx_word' id='word_1_321' title='bbox 722 3935 928 4020; x_wconf 89' lang='lat' dir='ltr'>posteriores,</span> <span class='ocrx_word' id='word_1_322' title='bbox 952 3940 987 4001; x_wconf 92' lang='lat' dir='ltr'>ut</span> <span class='ocrx_word' id='word_1_323' title='bbox 1009 3932 1187 4018; x_wconf 76' lang='lat' dir='ltr'>Claudiam,</span> <span class='ocrx_word' id='word_1_324' title='bbox 1209 3933 1388 4018; x_wconf 69' lang='lat' dir='ltr'>augustin,</span> <span class='ocrx_word' id='word_1_325' title='bbox 1411 3932 1556 4000; x_wconf 87' lang='lat' dir='ltr'>Laetant.</span> <span class='ocrx_word' id='word_1_326' title='bbox 1578 3933 1677 4000; x_wconf 89' lang='lat' dir='ltr'>locuti</span> <span class='ocrx_word' id='word_1_327' title='bbox 1699 3933 1799 4020; x_wconf 85' lang='lat' dir='ltr'>sunt).</span> 
     </span>
    </p>

    <p class='ocr_par' dir='ltr' id='par_1_4' title="bbox 408 4050 2010 4736">
     <span class='ocr_line' id='line_1_31' title="bbox 492 4050 1994 4139; baseline 0 -23"><span class='ocrx_word' id='word_1_328' title='bbox 492 4051 612 4137; x_wconf 87' lang='lat' dir='ltr'>Restat,</span> <span class='ocrx_word' id='word_1_329' title='bbox 627 4058 662 4117; x_wconf 92' lang='lat' dir='ltr'>ut</span> <span class='ocrx_word' id='word_1_330' title='bbox 675 4073 729 4121; x_wconf 87' lang='lat' dir='ltr'>eos</span> <span class='ocrx_word' id='word_1_331' title='bbox 745 4053 830 4122; x_wconf 86' lang='lat' dir='ltr'>locos</span> <span class='ocrx_word' id='word_1_332' title='bbox 846 4053 1024 4139; x_wconf 83' lang='lat' dir='ltr'>afferamus,</span> <span class='ocrx_word' id='word_1_333' title='bbox 1039 4053 1154 4135; x_wconf 87' lang='lat' dir='ltr'>quibus</span> <span class='ocrx_word' id='word_1_334' title='bbox 1171 4051 1385 4120; x_wconf 83' lang='lat' dir='ltr'>ablativus</span> <span class='ocrx_word' id='word_1_335' title='bbox 1407 4073 1428 4118; x_wconf 87' lang='lat' dir='ltr'>a</span> <span class='ocrx_word' id='word_1_336' title='bbox 1442 4050 1566 4122; x_wconf 86' lang='lat' dir='ltr'>Seneca</span> <span class='ocrx_word' id='word_1_337' title='bbox 1587 4053 1680 4119; x_wconf 88' lang='lat' dir='ltr'>aliter</span> <span class='ocrx_word' id='word_1_338' title='bbox 1701 4059 1797 4136; x_wconf 79' lang='lat' dir='ltr'>atque</span> <span class='ocrx_word' id='word_1_339' title='bbox 1820 4051 1861 4116; x_wconf 84' lang='lat' dir='ltr'>ab</span> <span class='ocrx_word' id='word_1_340' title='bbox 1876 4069 1994 4118; x_wconf 81' lang='lat' dir='ltr'>aureae</span> 
     </span>
     <span class='ocr_line' id='line_1_32' title="bbox 408 4169 2003 4258; baseline 0 -23"><span class='ocrx_word' id='word_1_341' title='bbox 408 4171 523 4236; x_wconf 88' lang='lat' dir='ltr'>aetatis</span> <span class='ocrx_word' id='word_1_342' title='bbox 545 4170 750 4256; x_wconf 89' lang='lat' dir='ltr'>scriptoribus</span> <span class='ocrx_word' id='word_1_343' title='bbox 779 4179 950 4257; x_wconf 90' lang='lat' dir='ltr'>usurpatus</span> <span class='ocrx_word' id='word_1_344' title='bbox 972 4179 1029 4239; x_wconf 87' lang='lat' dir='ltr'>est</span> <span class='ocrx_word' id='word_1_345' title='bbox 1071 4170 1121 4238; x_wconf 83' lang='lat' dir='ltr'>Ac</span> <span class='ocrx_word' id='word_1_346' title='bbox 1143 4171 1181 4237; x_wconf 89' lang='lat' dir='ltr'>N.</span> <span class='ocrx_word' id='word_1_347' title='bbox 1205 4169 1242 4249; x_wconf 70' lang='lat' dir='ltr'>Q„</span> <span class='ocrx_word' id='word_1_348' title='bbox 1263 4171 1317 4256; x_wconf 92' lang='lat' dir='ltr'>IV,</span> <span class='ocrx_word' id='word_1_349' title='bbox 1339 4172 1369 4258; x_wconf 91' lang='grc'>2,</span> <span class='ocrx_word' id='word_1_350' title='bbox 1393 4171 1433 4237; x_wconf 83' lang='grc'>13</span> <span class='ocrx_word' id='word_1_351' title='bbox 1459 4191 1546 4238; x_wconf 92' lang='lat' dir='ltr'>more</span> <span class='ocrx_word' id='word_1_352' title='bbox 1567 4178 1731 4257; x_wconf 87' lang='lat' dir='ltr'>poetarum</span> <span class='ocrx_word' id='word_1_353' title='bbox 1758 4169 2003 4257; x_wconf 74' lang='lat' dir='ltr'>„Hermleotioo</span> 
     </span>
     <span class='ocr_line' id='line_1_33' title="bbox 409 4288 1998 4378; baseline -0.002 -22"><span class='ocrx_word' id='word_1_354' title='bbox 409 4288 489 4359; x_wconf 87' lang='lat' dir='ltr'>ostio</span> <span class='ocrx_word' id='word_1_355' title='bbox 515 4289 598 4356; x_wconf 82' lang='lat' dir='ltr'>Nili“</span> <span class='ocrx_word' id='word_1_356' title='bbox 627 4312 683 4376; x_wconf 91' lang='lat' dir='ltr'>pro</span> <span class='ocrx_word' id='word_1_357' title='bbox 704 4291 758 4378; x_wconf 82' lang='lat' dir='ltr'>„iu</span> <span class='ocrx_word' id='word_1_358' title='bbox 785 4291 824 4358; x_wconf 73' lang='lat' dir='ltr'>ll</span> <span class='ocrx_word' id='word_1_359' title='bbox 852 4313 880 4358; x_wconf 92' lang='lat' dir='ltr'>o.</span> <span class='ocrx_word' id='word_1_360' title='bbox 909 4291 967 4360; x_wconf 53' lang='grc' dir='ltr'>ΝΞ(</span> <span class='ocrx_word' id='word_1_361' title='bbox 995 4291 1093 4376; x_wconf 65' lang='lat' dir='ltr'>dixit,</span> <span class='ocrx_word' id='word_1_362' title='bbox 1127 4291 1307 4376; x_wconf 86' lang='lat' dir='ltr'>exemplum</span> <span class='ocrx_word' id='word_1_363' title='bbox 1336 4290 1425 4358; x_wconf 88' lang='lat' dir='ltr'>aliud</span> <span class='ocrx_word' id='word_1_364' title='bbox 1452 4311 1471 4358; x_wconf 90' lang='lat' dir='ltr'>c</span> <span class='ocrx_word' id='word_1_365' title='bbox 1498 4291 1588 4358; x_wconf 90' lang='lat' dir='ltr'>libris</span> <span class='ocrx_word' id='word_1_366' title='bbox 1610 4289 1752 4358; x_wconf 87' lang='lat' dir='ltr'>Senecae</span> <span class='ocrx_word' id='word_1_367' title='bbox 1774 4289 1915 4376; x_wconf 87' lang='lat' dir='ltr'>prolerre</span> <span class='ocrx_word' id='word_1_368' title='bbox 1935 4309 1998 4355; x_wconf 89' lang='lat' dir='ltr'>non</span> 
     </span>
     <span class='ocr_line' id='line_1_34' title="bbox 409 4409 1998 4496; baseline 0 -21"><span class='ocrx_word' id='word_1_369' title='bbox 409 4427 546 4494; x_wconf 82' lang='lat' dir='ltr'>possum.</span> <span class='ocrx_word' id='word_1_370' title='bbox 583 4409 656 4486; x_wconf 85' lang='lat' dir='ltr'>Jam</span> <span class='ocrx_word' id='word_1_371' title='bbox 672 4429 746 4482; x_wconf 86' lang='lat' dir='ltr'>voro</span> <span class='ocrx_word' id='word_1_372' title='bbox 761 4411 891 4482; x_wconf 87' lang='lat' dir='ltr'>verbum</span> <span class='ocrx_word' id='word_1_373' title='bbox 907 4409 1118 4481; x_wconf 84' lang='lat' dir='ltr'>invidendi</span> <span class='ocrx_word' id='word_1_374' title='bbox 1134 4409 1309 4486; x_wconf 82' lang='lat' dir='ltr'>secundum</span> <span class='ocrx_word' id='word_1_375' title='bbox 1323 4430 1441 4484; x_wconf 87' lang='lat' dir='ltr'>morem</span> <span class='ocrx_word' id='word_1_376' title='bbox 1456 4410 1637 4494; x_wconf 74' lang='lat' dir='ltr'>aequalium</span> <span class='ocrx_word' id='word_1_377' title='bbox 1651 4429 1724 4477; x_wconf 89' lang='lat' dir='ltr'>cum</span> <span class='ocrx_word' id='word_1_378' title='bbox 1745 4409 1809 4476; x_wconf 89' lang='lat' dir='ltr'>dat.</span> <span class='ocrx_word' id='word_1_379' title='bbox 1843 4429 1998 4496; x_wconf 78' lang='lat' dir='ltr'>personae</span> 
     </span>
     <span class='ocr_line' id='line_1_35' title="bbox 409 4528 2010 4617; baseline -0.001 -21"><span class='ocrx_word' id='word_1_380' title='bbox 409 4532 442 4593; x_wconf 85' lang='lat' dir='ltr'>ct</span> <span class='ocrx_word' id='word_1_381' title='bbox 479 4547 551 4606; x_wconf 84' lang='lat' dir='ltr'>cum</span> <span class='ocrx_word' id='word_1_382' title='bbox 588 4528 727 4607; x_wconf 83' lang='lat' dir='ltr'>ablativo</span> <span class='ocrx_word' id='word_1_383' title='bbox 762 4529 810 4604; x_wconf 88' lang='lat' dir='ltr'>rei</span> <span class='ocrx_word' id='word_1_384' title='bbox 848 4529 1025 4608; x_wconf 79' lang='lat' dir='ltr'>construxit</span> <span class='ocrx_word' id='word_1_385' title='bbox 1061 4528 1146 4609; x_wconf 80' lang='lat' dir='ltr'>Dial</span> <span class='ocrx_word' id='word_1_386' title='bbox 1167 4529 1238 4616; x_wconf 82' lang='lat' dir='ltr'>Vll,</span> <span class='ocrx_word' id='word_1_387' title='bbox 1271 4531 1322 4617; x_wconf 85' lang='grc'>23,</span> <span class='ocrx_word' id='word_1_388' title='bbox 1354 4531 1375 4600; x_wconf 83' lang='grc'><strong>3</strong></span> <span class='ocrx_word' id='word_1_389' title='bbox 1407 4549 1508 4614; x_wconf 84' lang='lat' dir='ltr'>quana</span> <span class='ocrx_word' id='word_1_390' title='bbox 1540 4529 1604 4598; x_wconf 90' lang='lat' dir='ltr'>illis</span> <span class='ocrx_word' id='word_1_391' title='bbox 1638 4529 1720 4603; x_wconf 89' lang='lat' dir='ltr'>bono</span> <span class='ocrx_word' id='word_1_392' title='bbox 1751 4531 1827 4597; x_wconf 89' lang='lat' dir='ltr'>loco.</span> <span class='ocrx_word' id='word_1_393' title='bbox 1849 4528 2010 4612; x_wconf 68' lang='lat' dir='ltr'>inrideat.</span> 
     </span>
     <span class='ocr_line' id='line_1_36' title="bbox 409 4644 1996 4736; baseline 0 -24"><span class='ocrx_word' id='word_1_394' title='bbox 409 4645 639 4734; x_wconf 80' lang='lat' dir='ltr'>1).Vl1,24‚5.</span> <span class='ocrx_word' id='word_1_395' title='bbox 683 4646 722 4719; x_wconf 77' lang='lat' dir='ltr'>N.</span> <span class='ocrx_word' id='word_1_396' title='bbox 736 4646 830 4728; x_wconf 70' lang='lat' dir='ltr'>clu</span> <span class='ocrx_word' id='word_1_397' title='bbox 845 4649 986 4724; x_wconf 70' lang='lat' dir='ltr'>Procerus</span> <span class='ocrx_word' id='word_1_398' title='bbox 1000 4650 1028 4716; x_wconf 80' lang='grc'>7.</span> <span class='ocrx_word' id='word_1_399' title='bbox 1050 4647 1186 4736; x_wconf 76' lang='lat' dir='ltr'>(ltnll,</span> <span class='ocrx_word' id='word_1_400' title='bbox 1200 4649 1403 4736; x_wconf 79' lang='lat' dir='ltr'>40,t1,ubi</span> <span class='ocrx_word' id='word_1_401' title='bbox 1424 4648 1515 4722; x_wconf 85' lang='lat' dir='ltr'>codd.</span> <span class='ocrx_word' id='word_1_402' title='bbox 1539 4644 1996 4736; x_wconf 72' lang='lat' dir='ltr'>krtor„1audcm“„,laados“,</span> 
     </span>
    </p>
   </div>
   <div class='ocr_carea' id='block_1_4' title="bbox 0 0 2294 5566">
    <p class='ocr_par' dir='ltr' id='par_1_5' title="bbox 0 0 2294 5566">
     <span class='ocr_line' id='line_1_37' title="bbox 0 0 2294 5566; baseline 0 0"><span class='ocrx_word' id='word_1_403' title='bbox 0 0 2294 5566; x_wconf 95' lang='lat' dir='ltr'> </span> 
     </span>
    </p>
   </div>
  </div>
 </body>
</html>
