4578 5566
1194 363 1214 425 8

412 544 517 614 Ρ1111.
542 568 582 632 p,
605 545 659 630 qui
690 546 795 613 estin
823 547 880 612 illa
903 551 995 632 parte
1023 547 1119 630 longe
1148 545 1286 632 optimus
1316 552 1349 613 et
1371 546 1403 612 in
1427 546 1571 631 quinque
1598 549 1688 632 aliis;
1714 589 1758 600 —
1780 549 1831 619 bis
1862 553 2003 621 confisus

411 665 571 751 exemplis
594 665 628 731 iu
651 664 742 733 Ludo
766 685 792 732 e.
814 667 844 747 3,
870 668 884 730 1
911 665 1020 732 exiet
1049 664 1146 748 edidi,
1169 683 1232 749 quo
1254 665 1335 730 nibil
1358 665 1487 732 videtur
1515 667 1714 754 probabilius
1745 671 1880 756 reperiri
1902 692 2000 757 posse

411 804 472 870 pro
494 793 644 870 eormpta
666 805 746 852 voce
769 791 901 871 eeset;
924 792 956 851 et
978 784 1020 850 de
1040 785 1228 868 Ben.1‚a‚3
1250 785 1347 850 eredo
1363 805 1413 852 me
1429 785 1548 853 rectius
1573 787 1621 852 bis
1644 787 1784 854 rediet
1806 789 2000 876 scripturum

410 902 512 969 fuisse
534 923 593 989 pro
616 923 654 970 eo
677 904 763 987 quod
785 924 870 971 nuuc
900 904 993 990 posui
1025 902 1137 968 redit
1168 909 1201 968 et
1222 903 1255 968 iu
1276 903 1361 969 Dial.
1382 905 1439 991 XI,
1462 907 1491 991 8,
1514 907 1535 971 2
1565 906 1678 973 exiet
1707 908 1862 994 seriptum
1891 910 2001 976 malim

412 1041 507 1106 quam
531 1024 582 1089 rel
613 1024 698 1088 exit
719 1024 772 1088 rel
803 1023 913 1090 erit.“
958 1024 1007 1089 De
1038 1023 1087 1088 bis
1118 1021 1228 1088 formis
1258 1022 1313 1088 eir.
1344 1042 1428 1107 quae
1459 1023 1603 1091 Gossrau
1625 1025 1768 1094 Gramm.
1802 1028 1857 1094 lat.
1880 1049 1911 1114 p.
1936 1031 2002 1094 202

411 1141 566 1228 disputat,
589 1143 643 1227 qui
667 1150 892 1210 commemorat
915 1141 1109 1208 Lachmann.
1132 1140 1175 1206 ad
1199 1141 1324 1209 Lucret.
1342 1142 1400 1226 ΙΙΙ,
1425 1144 1507 1210 1042
1529 1143 1692 1211 affirmare
1714 1145 1833 1212 'l'ibull
1857 1147 1883 1230 1,
1903 1147 1934 1231 4,
1957 1149 1999 1214 27

411 1261 446 1327 iu
474 1261 620 1328 omuibus
647 1261 738 1328 libris
768 1261 952 1328 transiet
980 1261 1133 1344 inveniri,
1170 1261 1278 1326 Horat
1301 1281 1327 1326 c.
1348 1263 1380 1345 4,
1401 1264 1433 1349 4,
1462 1263 1504 1328 65
1535 1269 1645 1329 autem
1674 1263 1815 1331 editores
1837 1265 1998 1353 dubitare,

414 1387 518 1448 utrum
541 1382 655 1447 exiet
676 1401 718 1447 an
741 1381 884 1448 evenit
906 1380 1109 1447 scribendum
1133 1380 1183 1448 sit.

503 1501 576 1568 lam
598 1520 674 1566 reru
697 1501 739 1566 ad
762 1500 914 1585 syntaxin
937 1499 1117 1566 transeunti
1140 1498 1217 1565 mihi
1247 1500 1383 1584 primum
1411 1501 1619 1568 memorabile
1649 1521 1721 1569 esse
1743 1502 1881 1587 videtur,
1909 1503 1995 1587 quod

410 1621 538 1704 Seneca
570 1639 801 1706 saepenumero
837 1621 941 1704 legem
963 1619 1051 1686 illam
1074 1638 1136 1684 uon
1166 1626 1283 1702 serrat,
1317 1638 1382 1702 qua
1402 1619 1609 1705 praecipitur,
1633 1631 1668 1686 ut
1691 1641 1794 1706 genum
1816 1623 1996 1709 praedicati

408 1759 484 1806 eum
507 1739 642 1824 subjecti
665 1758 783 1824 genere
807 1746 971 1823 congruat,
994 1738 1090 1804 etiam
1114 1757 1185 1803 cum
1209 1737 1287 1803 illud
1311 1758 1486 1823 pronomen
1509 1739 1796 1807 demonstrativum
1812 1742 1862 1807 sit.
1898 1743 1995 1808 Nam-

409 1879 474 1942 que
496 1880 555 1945 pro
578 1879 627 1944 eo,
656 1859 742 1942 quod
776 1863 943 1943 exspectes
971 1856 1071 1941 „bace
1099 1864 1149 1923 est
1175 1857 1354 1941 sapientia“
1378 1857 1502 1924 Seneca
1524 1859 1604 1924 dicit
1632 1859 1713 1944 „boo
1736 1867 1786 1926 est
1813 1861 1994 1947 sapientia“
2103 1923 2107 1928 .

406 1978 901 2064 (Ερ.117,25),11“1.Ερ.93,111
924 1976 984 2042 boc
999 1983 1049 2042 est
1064 1975 1133 2040 rita
1147 1977 1346 2059 quorundam
1359 1978 1463 2062 longa
1487 1976 1564 2064 (Gir.
1575 1977 1669 2065 Nipp.
1679 1979 1803 2047 ud'l'ae.
1811 1981 1891 2046 Anu.
1899 1981 1924 2067 1,
1930 1979 1996 2068 49.)

498 2098 604 2164 Etiam
628 2098 813 2163 incassum
838 2116 897 2162 usu
920 2094 1075 2162 Senecam
1098 2095 1230 2160 multum
1247 2095 1444 2181 aptioribus
1466 2117 1583 2181 prosae
1606 2099 1761 2164 orationis
1784 2099 1994 2185 scriptoribus

407 2217 595 2303 discrepare
613 2219 706 2300 eique
719 2217 818 2282 multa
831 2237 902 2281 cum
917 2215 1022 2301 poetis
1040 2222 1072 2280 et
1093 2215 1282 2298 aequalibus
1294 2234 1410 2301 prosae
1426 2215 1580 2282 orationis
1596 2217 1804 2302 scriptoribus
1817 2219 1998 2284 communia

407 2355 492 2419 esse,
505 2357 546 2402 ex
560 2337 616 2422 eis,
629 2336 789 2420 quaejam
802 2336 1005 2422 expositurus
1017 2353 1096 2418 sum,
1113 2353 1306 2418 cognoscere
1322 2335 1407 2401 lieet.
1443 2337 1490 2400 Ac
1502 2336 1639 2420 primum
1661 2338 1907 2421 genetivum
1925 2358 1996 2404 curn

410 2456 534 2539 aliquot
556 2455 726 2539 adjectivis
743 2461 775 2521 et
794 2453 974 2540 participiis
996 2453 1173 2538 conjunxit,
1195 2473 1278 2536 quae
1292 2473 1350 2539 pro
1366 2452 1537 2538 adjectivis
1559 2455 1713 2540 relativis,
1737 2476 1820 2540 quae
1838 2456 1997 2542 dicuntur,

412 2574 526 2642 haberi
548 2581 691 2661 possunt.
737 2574 774 2639 ln
798 2593 836 2640 eo
858 2593 989 2639 numero
1020 2573 1189 2638 referenda
1216 2579 1291 2638 sunt
1313 2571 1409 2640 haee:
1437 2573 1704 2641 incontinens
1725 2575 1812 2644 Dial.
1835 2576 1877 2660 ΙΙ,
1902 2579 1951 2661 14,
1977 2580 1993 2643 l

410 2694 622 2780 cupiditatum
646 2694 846 2759 incontinens
860 2692 899 2757 N.
913 2691 950 2771 Q.
967 2693 1024 2776 ΙΙΙ,
1037 2693 1122 2777 30,6
1144 2690 1234 2758 Nihil
1256 2699 1305 2757 eet
1327 2698 1391 2757 tam
1415 2692 1599 2776 violentum,
1623 2699 1689 2759 lam
1712 2695 1914 2762 incontinens
1935 2695 1996 2762 sui.

496 2812 700 2898 (metuens
723 2812 807 2877 Dial.
821 2813 951 2898 v‚41‚4
973 2811 1125 2878 infamiae
1148 2823 1302 2878 metuens.
1347 2810 1446 2877 Uncis
1469 2811 1583 2877 inclusi
1599 2811 1628 2878 b.
1644 2832 1686 2898 v.,
1713 2822 1887 2900 propterca
1908 2813 1994 2897 quod

407 2933 508 3000 ctiam
531 2953 551 2997 a
573 2931 727 2998 Cicerone
748 2951 819 2997 eum
840 2952 913 3016 gen.
937 2931 1140 3015 conjunctum
1163 2930 1237 3016 est.)

496 3051 760 3118 insatiabilis
792 3050 876 3115 Dial.
898 3050 973 3134 XII,
995 3050 1068 3135 8,6
1098 3049 1189 3133 cujus
1218 3047 1421 3136 (spectaculi)
1450 3049 1652 3116 insatiabiles
1683 3057 1757 3117 sunt
1789 3052 1886 3131 (oculi
1908 3051 1994 3139 mei),
2032 3039 2036 3050 ’

407 3173 520 3260 (etiam
551 3169 638 3256 apud
669 3169 786 3236 lustin.
809 3178 841 3234 ct
864 3169 969 3235 Valer.
992 3169 1034 3234 M.
1058 3190 1084 3236 c.
1109 3189 1178 3253 gen.
1202 3167 1405 3251 conjunctum
1428 3169 1611 3255 invenitur).

497 3289 773 3374 inexplebilis
795 3287 1085 3372 Ι)“111.ΧΠ,15,1.
1131 3287 1194 3354 Ubi
1217 3288 1384 3371 colloquia,
1407 3307 1540 3370 quorum
1564 3288 1770 3375 inexplebilis
1794 3309 1890 3375 eram,
1913 3290 1994 3377 (jam

410 3411 523 3478 Livius
545 3410 592 3475 sic
614 3410 738 3476 locutus
761 3417 830 3487 est).

497 3549 624 3615 capax
642 3529 699 3614 Ep.
716 3529 785 3612 124,
799 3531 818 3594 8
842 3528 916 3594 boni
929 3547 1042 3614 capax,
1060 3526 1187 3612 (Livius
1203 3535 1235 3592 et
1250 3537 1323 3611 post
1337 3547 1410 3592 eum
1426 3525 1517 3592 multi
1533 3533 1567 3592 et
1582 3526 1646 3612 ipsi
1661 3549 1688 3596 c.
1707 3548 1780 3612 geu.
1794 3527 1996 3616 junxerunt).

499 3648 663 3716 eflicax
692 3648 775 3714 Dial.
802 3648 910 3731 VI‚8‚
936 3650 952 3712 1
983 3647 1241 3712 efficacissimum
1266 3645 1465 3730 mitigandae
1492 3647 1643 3731 ferociae,
1669 3647 1732 3734 (sic
1754 3649 1841 3714 solus
1870 3647 1995 3714 Seneca

409 3771 536 3836 locutus
559 3787 630 3836 esse
653 3767 790 3852 videtur,
813 3766 868 3850 qui
890 3772 997 3832 tamen
1020 3766 1117 3831 etiam
1140 3765 1258 3831 usitato
1281 3785 1367 3831 more
1389 3785 1461 3831 cum
1483 3764 1533 3831 ad
1555 3764 1723 3850 conjunxit
1745 3769 1822 3833 Ben.
1840 3767 1881 3852 11,
1903 3769 1932 3853 7,
1952 3768 1995 3854 3).

497 3888 615 3953 l'erax
637 3886 722 3952 Dial.
745 3885 819 3970 XII,
842 3887 871 3969 9,
897 3889 912 3950 l
945 3891 1031 3950 terra
1053 3884 1263 3950 —arborum
1293 3885 1395 3969 ferax,
1417 3884 1526 3972 (ovid.
1551 3887 1589 3952 A.
1614 3887 1644 3971 2,
1669 3887 1759 3971 16,7
1788 3894 1875 3953 11111
1902 3888 1994 3954 ferax

408 4008 562 4095 Cereris).

498 4135 621 4194 tenax
644 4127 720 4192 Ben.
743 4124 798 4211 IV,
813 4127 893 4208 11,1
917 4124 968 4190 sui
990 4145 1052 4191 non
1071 4143 1169 4190 arare
1191 4129 1344 4192 tenacem.
1377 4125 1531 4210 spaza
1554 4123 1735 4190 constantia
1759 4125 1840 4191 bene
1852 4123 1993 4211 judicati

410 4255 510 4314 tenax
531 4247 591 4333 Ep.
609 4246 713 4330 120,6
736 4243 812 4310 boui
834 4243 973 4329 exempli
995 4250 1152 4311 tenacem.

499 4372 638 4434 certus
662 4365 720 4451 Ep.
742 4365 795 4451 45,
823 4365 843 4430 9
867 4370 973 4430 curtus
990 4363 1117 4448 judieii,
1139 4362 1315 4449 (Vergilius
1337 4361 1459 4448 primus
1483 4361 1513 4429 b.
1537 4382 1568 4429 r.
1589 4381 1661 4428 cum
1683 4383 1757 4448 gen.
1775 4361 1925 4448 junxisse
1948 4363 1996 4430 ri-

409 4487 515 4574 detur,
537 4493 610 4572 post
632 4483 789 4552 Senecam
811 4483 945 4549 Tacitus
959 4484 998 4549 A.
1022 4484 1071 4569 12,
1092 4484 1136 4568 3).

499 4606 691 4672 incertus
712 4604 771 4689 Ep.
789 4603 877 4688 23,2
900 4602 1040 4669 incertus
1061 4602 1122 4689 sui,
1144 4600 1305 4688 (similiter
1327 4601 1405 4669 Tau.
1428 4603 1466 4669 A.
1490 4603 1521 4689 3,
1542 4601 1609 4688 54).
