4578 5566
1032 383 1074 450 25

261 591 333 638 esse
354 577 386 636 et
408 570 605 637 substantivo
628 577 759 657 constat,
782 571 869 637 velut
890 591 1024 656 magnus
1046 577 1114 636 erat
1136 571 1224 636 labor
1244 569 1291 636 ire
1312 572 1345 635 in
1369 570 1507 654 coelum;
1529 591 1587 637 nec
1610 572 1695 638 enim
1716 572 1840 639 bonitas

262 698 309 756 111
327 690 471 775 pessimis
494 711 563 756 csse
585 690 752 756 meliorem.
782 690 809 754 u
833 690 1013 775 largissima
1034 689 1125 774 copia
1147 689 1371 774 exemplorum,
1394 709 1476 773 quae
1491 691 1557 757 lere
1573 691 1606 755 in
1622 691 1707 756 omni
1723 691 1844 778 pagina

258 809 499 894 deprehendere
520 809 603 894 licet,
637 829 677 875 11
698 815 820 874 tantum
845 810 970 895 eligam,
1003 829 1085 892 quae
1106 810 1147 874 ob
1170 809 1449 892 breviloquentiam
1475 811 1525 875 vel
1547 811 1642 875 aliam
1657 810 1698 877 ob
1714 831 1844 878 causam

261 929 400 1014 insignia
422 936 502 994 sunt.
546 928 603 1014 Ep.
631 931 698 1014 lli,
721 930 741 993 6
769 929 865 1014 igitur
888 929 966 995 haec
991 930 1155 1014 leguntur:
1185 929 1226 994 Et
1256 929 1341 1014 apud
1371 950 1428 994 nos
1457 929 1598 995 veritatis
1621 938 1842 1015 argumentum

259 1057 308 1114 est
321 1048 451 1131 ,aliquid
474 1049 618 1114 omnibus
640 1048 750 1114 videri.
794 1046 863 1125 Quo
885 1049 952 1114 loco
976 1047 1079 1114 verbis
1101 1047 1241 1132 „aliquid
1273 1049 1416 1113 omnibus
1439 1048 1557 1114 vide1i“
1591 1048 1763 1134 significari
1786 1053 1844 1116 der

266 1167 426 1249 llrnstund,
460 1171 1114 1233 111111111111111111111111111111111
1145 1174 1176 1232 et
1206 1188 1245 1233 ex
1275 1169 1330 1254 eis,
1358 1188 1441 1251 quae
1471 1169 1664 1254 praecedunt
1695 1169 1842 1247 (multum

260 1285 339 1352 dare
362 1288 498 1352 solemus
516 1285 762 1372 praesumptioni
784 1287 922 1352 omnium
947 1287 1120 1372 hominum)
1143 1295 1176 1354 et
1192 1308 1230 1352 111
1247 1287 1451 1370 sequentibus
1465 1287 1618 1372 exemplis
1639 1287 1844 1374 intellegitur,

263 1407 438 1489 (tamquam
462 1407 538 1472 deos
560 1425 630 1472 esse
652 1405 732 1471 inter
754 1407 819 1471 alia
841 1405 900 1472 hoc
922 1406 1108 1492 colligimus,
1130 1408 1215 1489 qnod
1238 1407 1383 1472 omnibus
1406 1407 1502 1471 insita
1524 1406 1564 1473 de
1582 1406 1632 1471 dis
1648 1405 1752 1491 opinio
1770 1407 1841 1492 est).

262 1527 338 1592 Ben.
361 1526 430 1612 Vll,
457 1528 502 1613 12,
526 1529 544 1592 u
568 1528 638 1593 Non
663 1535 710 1593 est
731 1533 951 1612 argumentum
974 1525 1045 1591 idco
1067 1526 1188 1610 aliquid
1210 1534 1297 1592 tuum
1321 1547 1382 1592 non
1405 1546 1484 1610 csse,
1516 1526 1590 1609 quia
1615 1526 1753 1591 vendere
1779 1547 1842 1591 non

261 1653 358 1730 potes.
402 1651 525 1731 Agrnen
548 1654 642 1732 cogat
663 1648 759 1731 locus,
786 1645 819 1710 in
842 1665 904 1728 quo
927 1645 988 1710 duo
1023 1645 1169 1710 infinitivi
1197 1645 1409 1730 inveniuntur,
1439 1665 1569 1729 quorum
1593 1665 1674 1710 unus
1697 1643 1844 1730 subjecti,

261 1765 344 1830 alter
366 1765 540 1848 praedicati
563 1765 632 1830 vinc
653 1765 801 1850 iungitur.
846 1763 929 1828 Dial.
952 1764 1025 1848 Xll,
1044 1767 1090 1848 19,
1116 1768 1132 1829 1
1158 1765 1246 1832 Haec
1269 1787 1329 1831 non
1353 1765 1425 1830 ideo
1448 1766 1614 1849 11111111
1637 1763 1748 1829 laudes
1771 1761 1843 1846 ejus

265 1899 430 1971 exsequar,
452 1905 533 1968 quas
555 1884 810 1951 circumscribere
831 1891 880 1948 est
901 1889 966 1948 tam
988 1904 1084 1968 parco
1107 1893 1327 1950 transcurrere.
1350 1923 1392 1932 —-

350 2002 520 2087 Objectum
537 2003 710 2069 infinitivus
726 2010 851 2069 estnon
866 2003 966 2068 solum
981 2003 1148 2068 verborum
1166 2003 1283 2090 scire,
1305 2004 1477 2089 nescire,
1500 2002 1670 2088 discere,
1693 2003 1843 2089 docere,

263 2122 377 2206 quibus
401 2123 496 2188 etiam
520 2143 540 2187 a
562 2122 711 2188 Cicerone
733 2121 868 2205 aliisque
889 2121 1044 2207 prioribus
1066 2122 1269 2206 scriptoribus
1290 2122 1464 2188 infinitivus
1486 2121 1623 2208 additur,
1657 2122 1715 2188 sed
1748 2122 1845 2188 etiam

267 2242 431 2308 verborum
466 2242 640 2327 habere,
673 2219 828 2327 dicere,
862 2261 1020 2306 vocare.
1065 2241 1126 2306 Clr.
1156 2241 1214 2327 Ep.
1239 2225 1308 2328 lli,
1340 2243 1380 2306 28
1415 2241 1587 2306 maximum
1620 2247 1842 2327 argumentum

268 2361 370 2427 habeo
391 2361 529 2427 nondum
553 2361 729 2445 praesentis
750 2361 889 2425 futurum
912 2381 990 2426 esse.
1034 2361 1092 2446 Ep.
1114 2363 1164 2446 81,
1196 2362 1233 2425 19
1261 2381 1303 2427 ne
1332 2361 1469 2444 quietem
1497 2361 1625 2444 quidem
1647 2367 1679 2427 et
1700 2360 1845 2427 molestia

263 2501 379 2546 vacare
400 2480 516 2546 bonum
539 2481 651 2546 dicam.
697 2480 772 2546 Ben.
788 2479 829 2565 Π,
847 2481 897 2564 21,
919 2481 939 2543 2
962 2500 1001 2545 ex
1022 2480 1157 2545 diversis
1180 2501 1217 2547 ac
1240 2479 1466 2547 dissidentibus
1489 2479 1577 2546 bonis
1601 2480 1758 2546 hominem
1779 2501 1843 2546 non

263 2619 333 2667 esse
348 2599 554 2684 compositum
570 2598 720 2684 injuriam
742 2605 867 2683 vocant,
890 2599 943 2664 111.
959 2599 1058 2685 111,9,
1074 2601 1101 2664 2.
1128 2598 1249 2677 Quibus
1272 2600 1349 2666 locis
1372 2599 1510 2666 addendi
1524 2599 1679 2665 videntur
1700 2619 1771 2666 esse
1794 2599 1844 2666 hi:

261 2719 319 2803 Ep.
338 2721 407 2805 102,
429 2720 471 2784 30
493 2719 547 2803 qui
570 2719 648 2784 mori
670 2725 826 2804 sperat,
849 2718 902 2783 ubi
926 2719 1004 2784 mori
1025 2719 1104 2784 nihil
1126 2718 1214 2785 aliud
1237 2726 1285 2785 est
1306 2719 1367 2784 nisi
1388 2727 1519 2784 mortem
1543 2725 1573 2783 11
1595 2717 1677 2784 Dial.
1695 2719 1737 2805 ll,
1756 2719 1842 2805 lb,4

267 2839 355 2903 nulla
376 2838 477 2904 virtus
500 2843 556 2923 est,
579 2857 661 2920 quae
682 2858 745 2903 non
766 2837 930 2903 sentiat
952 2839 1074 2923 perpeti
1096 2838 1113 2903 i.
1130 2858 1156 2904 e.
1180 2859 1262 2921 quae
1285 2859 1346 2903 non
1369 2857 1464 2904 sensu
1483 2837 1590 2920 aliquo
1606 2837 1750 2923 allicitur,
1771 2857 1842 2904 cum

266 2958 440 3042 perpetitur
469 2956 590 3040 aliquid
625 2957 709 3021 mali.
765 2957 876 3023 Restat
903 2975 984 3022 unus
1012 2957 1108 3042 locus,
1136 2977 1198 3041 quo
1226 2957 1358 3024 verbum
1385 2955 1551 3022 vitandi
1584 2975 1656 3021 cum
1689 2956 1844 3023 infinitivo

265 3076 469 3160 conjunctum
491 3083 548 3142 est.
585 3076 643 3161 Ep.
656 3077 707 3162 81,
722 3077 764 3141 22
785 3075 898 3158 Itaque
919 3075 1038 3160 ingrati
1060 3096 1130 3142 esse
1152 3077 1296 3163 vitemus,
1318 3075 1373 3159 qui
1394 3077 1482 3142 locus
1504 3077 1545 3142 ab
1567 3076 1622 3162 eis,
1645 3096 1723 3160 quos
1747 3096 1844 3162 supra

264 3196 435 3282 attulimus,
468 3216 505 3262 eo
538 3195 652 3280 differt,
685 3195 770 3278 qnod
800 3194 931 3261 verbnm
959 3193 1081 3259 vitandi
1111 3214 1183 3260 cum
1213 3195 1406 3261 nominativo
1432 3217 1459 3261 c.
1482 3195 1537 3260 int'.
1560 3194 1763 3278 conjunctum
1785 3201 1843 3282 est,

266 3322 427 3398 tamqnam
451 3321 535 3382 11111
555 3314 589 3378 in
611 3334 739 3379 numero
760 3313 928 3379 verborum
950 3311 1151 3398 modalitatis,
1173 3332 1255 3396 quae
1273 3314 1429 3399 dicuntur,
1452 3313 1639 3380 habendum.

351 3433 949 3515 1111111111111111111111111111111,
979 3451 1062 3514 quae
1092 3452 1163 3497 cum
1184 3453 1204 3497 1
1226 3432 1382 3516 prioribus
1413 3440 1469 3498 aut
1498 3453 1654 3517 nusquam
1688 3439 1743 3499 aut
1773 3454 1843 3502 raro

267 3577 337 3622 cum
366 3555 520 3620 infinitivo
541 3553 785 3637 conjungantur,
812 3555 975 3617 18111111
1002 3551 1068 3618 1111
1098 3571 1221 3637 semper
1248 3551 1295 3618 sic
1325 3559 1525 3636 usurpantur.
1569 3550 1641 3630 Qua
1668 3554 1701 3617 in
1731 3573 1763 3618 re
1792 3572 1844 3619 ex·

267 3675 431 3759 sequenda
452 3673 486 3738 id
510 3673 570 3758 egi,
592 3678 627 3737 ut
648 3673 766 3737 nullum
790 3672 891 3736 locum
915 3671 1205 3755 praetermitterem.
1249 3670 1355 3737 Ordiri
1377 3672 1454 3737 libet
1475 3692 1496 3736 a
1516 3670 1621 3737 verbis
1642 3671 1844 3760 modalitatis,

264 3815 347 3878 quae
370 3794 525 3860 dicuntur.

223 3889 236 3944 ¹
348 3913 540 3999 cogitare
562 3911 644 3978 Dial.
669 3911 721 3996 VI,
741 3910 804 3995 1,3
827 3929 885 3976 nec
906 3909 1023 3974 l'urtum
1046 3910 1151 3975 111111
1173 3947 1214 3956 -
1230 3908 1375 3995 cogitem,
1393 3911 1468 3975 Bon.
1485 3909 1527 3994 II,
1553 3914 1599 3994 19,
1621 3911 1650 3976 2.
1674 3909 1727 3996 Vl,
1751 3913 1799 3997 19,
1821 3912 1844 3976 4

266 4033 305 4100 N.
329 4032 365 4111 Q„
389 4033 441 4118 IV,
463 4037 493 4118 ὁ,
515 4033 544 4097 3.
574 4031 632 4115 Ep.
655 4003 705 4116 td,
731 4036 756 4094 l.
786 4032 837 4115 86,
859 4031 909 4094 21.
944 4028 1054 4114 (Haud
1081 4028 1192 4112 ignoro
1217 4026 1288 4111 jam
1316 4027 1499 4095 Ciceronem
1529 4028 1661 4095 verbum
1682 4029 1844 4115 cogitandi

261 4152 308 4218 ita
329 4151 558 4238 usurpavisse.)

348 4271 660 4355 concupiscere
690 4268 863 4354 1111392
886 4266 1088 4353 concupisces
1122 4275 1154 4334 et
1183 4268 1252 4354 ipse
1274 4288 1315 4334 ex
1345 4267 1410 4334 illis
1433 4288 1514 4335 unus
1537 4289 1616 4336 esso.
1661 4268 1719 4354 Ep.
1742 4271 1793 4356 80,
1814 4271 1843 4335 4.

274 4389 380 4456 Etiam
403 4390 476 4456 huic
499 4390 594 4455 verbo
616 4389 726 4456 Cicero
748 4386 937 4452 infinitivum
960 4386 1106 4473 addidit.)

347 4507 604 4575 desiderare
633 4507 716 4574 Dial.
739 4506 780 4594 ΙΙ,
803 4508 874 4593 3,2
903 4505 1012 4589 juvari
1041 4505 1230 4572 desiderant
1274 4505 1333 4591 llp.
1363 4507 1444 4592 9,1.
1470 4510 1519 4594 11,
1546 4510 1575 4574 4.
1606 4509 1708 4594 33,1.
1738 4507 1789 4593 45,
1817 4507 1847 4594 3,

261 4629 313 4715 14,
328 4629 378 4695 20.
421 4627 567 4715 (Praeter
584 4626 740 4695 Senecam
761 4626 827 4694 uic.
850 4632 883 4692 et
904 4625 985 4692 Plin.
1007 4625 1082 4708 maj.
1103 4627 1150 4693 ita
1172 4627 1231 4693 boc
1253 4625 1385 4692 verbum
1406 4629 1661 4712 usurpaverunt.)

1697 4745 1715 4798 4
