4578 5566
1189 331 1232 395 20

497 541 544 586 ex
568 526 726 585 remoto
754 519 833 584 Ben.
859 517 929 601 Vll,
963 521 989 601 l,
1019 518 1040 582 5
1073 537 1113 582 ex
1144 521 1265 582 remoto
1300 515 1536 602 spectantibus,
1568 515 1706 601 (Seneca
1734 517 1822 583 uolua
1856 514 1916 580 hac
1949 514 1994 580 io-

412 640 541 706 cutione
565 657 642 704 usus
663 657 736 703 esse
757 636 910 722 videtur.)

495 776 545 822 ex
575 755 833 825 solidoclem.
860 756 983 840 Ι,1,6
1019 756 1135 838 quibus
1164 756 1284 821 veritae
1317 755 1436 838 subest,
1466 773 1629 840 quaeque,
1659 760 1694 820 ut
1722 755 1769 819 ita
1799 754 1920 839 dicam,
1952 774 1993 821 ex

410 877 515 944 solido
539 883 741 960 enascuntur,
763 874 908 961 tempore
932 876 1002 962 ipso
1026 876 1060 940 in
1083 875 1187 957 majus
1210 874 1388 957 meliusque
1410 874 1596 960 procedunt.

495 997 532 1062 in
555 996 695 1062 solido
718 996 794 1062 Ben.
819 995 877 1079 ΙΙΙ,
899 997 930 1078 4,
954 997 974 1059 2
999 994 1190 1060 Praesentia
1212 994 1295 1060 bona
1316 994 1456 1060 nondum
1478 1001 1548 1060 tota
1570 995 1603 1059 in
1626 997 1729 1062 solido
1751 1005 1835 1065 aunt.

494 1137 543 1182 ex
566 1115 696 1181 solito
719 1116 778 1201 Ep.
806 1116 856 1200 78,
881 1115 920 1180 12
944 1114 1051 1180 nullus
1073 1112 1191 1199 (dolor)
1221 1113 1305 1179 enim
1326 1119 1389 1179 non
1411 1113 1506 1198 signa
1526 1115 1712 1202 praemittit,
1740 1116 1851 1200 utique
1873 1116 1928 1199 qui
1950 1135 1992 1182 ex

410 1237 504 1302 solito
527 1235 707 1301 revertitur.
753 1233 892 1318 (Seneca
914 1234 1001 1300 solue
1024 1234 1070 1298 sio
1093 1233 1217 1298 locutus
1240 1251 1311 1299 ease
1333 1233 1478 1319 videtur,
1506 1233 1603 1299 aliam
1626 1235 1711 1300 enim
1741 1236 1897 1301 rationem
1919 1253 1990 1301 esse

409 1360 548 1442 apparet
568 1353 684 1438 Vellej.
707 1355 748 1438 ll,
770 1355 810 1420 41
835 1352 863 1418 si
886 1352 1015 1435 quando
1037 1352 1161 1436 aliquid
1184 1372 1224 1417 cx
1246 1353 1340 1419 solito
1363 1353 1512 1418 variaret.

496 1492 619 1560 super
642 1473 812 1538 solitum
834 1473 911 1539 Ben.
936 1473 990 1556 VI,
1014 1473 1065 1556 36,
1089 1475 1106 1536 1
1129 1475 1235 1537 Aetna
1257 1510 1299 1520 -
1321 1491 1419 1557 nuper
1447 1473 1574 1538 solitum
1603 1473 1721 1539 ardena
1745 1481 1778 1540 et
1799 1475 1930 1540 incensa
1951 1501 1995 1527 τ·-

409 1600 539 1680 praeter
562 1592 833 1676 consuetudinem,
856 1591 957 1678 (apud
982 1592 1092 1658 Horat.
1117 1599 1265 1676 „practer
1288 1591 1435 1657 solitum“
1458 1592 1588 1677 exstat.)

497 1714 536 1777 in
559 1711 736 1778 sublime
757 1711 841 1778 Dial.
867 1711 921 1794 VI,
947 1712 1040 1794 18,4
1073 1711 1172 1777 erecti
1199 1710 1232 1775 in
1266 1711 1400 1777 sublime
1422 1711 1569 1795 vertices,
1604 1712 1663 1797 Ep.
1695 1715 1745 1798 88,
1773 1713 1815 1777 22
1848 1712 1992 1778 tabulata

409 1831 507 1897 tacite
531 1831 563 1895 in
586 1829 721 1896 sublime
743 1830 939 1916 crescentia,
964 1829 1074 1906 (etiam
1097 1830 1184 1915 apud
1207 1829 1272 1896 Cio.
1296 1836 1328 1894 et
1350 1830 1431 1896 alios
1456 1832 1535 1896 haec
1558 1832 1675 1899 locutio
1699 1831 1884 1917 invenitur.)

496 1950 535 2014 in
559 1969 711 2015 summo
740 1969 860 2034 ponere
890 1951 950 2036 Ep.
977 1951 1097 2034 124,2
1131 1949 1329 2033 Quicumque
1361 1951 1557 2036 voluptatem
1588 1953 1619 2016 in
1651 1972 1773 2018 summo
1803 1957 1926 2036 ponunt
1950 1978 1993 2004 =

411 2088 567 2134 nummum
590 2069 706 2134 bonum
729 2088 801 2134 csse
824 2071 1016 2136 existimant.

497 2187 538 2254 in
561 2207 860 2274 supervacuum
884 2187 968 2255 Dial.
993 2189 1048 2272 lV,
1074 2192 1122 2273 11,
1148 2193 1165 2255 1
1194 2189 1271 2272 quid
1304 2189 1389 2255 enim
1418 2195 1467 2255 est
1498 2189 1665 2255 iracundia
1695 2191 1727 2254 in
1757 2208 1989 2276 supervacuum

409 2309 623 2373 tumultuante
647 2307 822 2392 frigidius?
844 2308 927 2374 Dial.
947 2309 1000 2392 VI,
1016 2312 1042 2393 1,
1058 2311 1088 2375 6.
1102 2308 1189 2391 VIII,
1211 2311 1241 2392 3,
1263 2309 1284 2373 3
1305 2329 1369 2374 non
1391 2309 1511 2374 nitetur
1532 2310 1662 2395 sapiens
1684 2309 1717 2374 in
1740 2329 1991 2395 supervacuum

409 2427 470 2512 Ep.
494 2429 550 2510 70,
575 2430 613 2494 18
644 2428 710 2492 alia
737 2428 822 2494 enirn
852 2429 988 2493 tortusue
1019 2434 1209 2493 exercentur
1230 2428 1265 2494 in
1286 2447 1536 2513 supervacuum
1568 2429 1625 2513 Ep.
1648 2430 1706 2514 95,
1728 2429 1771 2494 54
1793 2430 1831 2494 Iu
1861 2447 1990 2513 euperv.

414 2555 589 2633 praecepta
606 2545 818 2630 jactavimue;
841 2547 899 2632 Ep.
925 2548 995 2630 106,
1021 2548 1069 2613 12.
1637 2557 1638 2562 ’

497 2667 553 2732 lix
575 2686 837 2751 supervacuo
859 2666 945 2732 Dial.
969 2667 1026 2751 IX,
1053 2669 1151 2753 ’12,1
1189 2667 1372 2732 Proximum
1404 2667 1445 2732 ab
1474 2667 1524 2732 his
1554 2667 1631 2750 erit,
1666 2687 1706 2733 ne
1734 2674 1790 2733 ant
1819 2668 1852 2733 in
1881 2686 1989 2751 super-

410 2787 521 2851 vaouie
548 2792 604 2851 aut
635 2807 675 2850 eu
702 2804 902 2870 supervacuo
934 2786 1135 2871 laboremus,
1166 2787 1223 2871 Ep.
1247 2786 1298 2871 94,
1324 2787 1365 2852 32
1398 2785 1433 2851 Si
1462 2793 1543 2870 qnia,
1572 2787 1685 2870 inquit,
1719 2793 1807 2853 recta
1836 2788 1934 2854 habet
1963 2795 1995 2853 et

413 2906 549 2971 honesta
569 2905 708 2988 decreta,
731 2904 782 2969 hic
805 2925 845 2970 ex
867 2926 1067 2991 supervacuo
1089 2915 1243 2972 monetur.
1266 2907 1424 2992 (Utraque
1451 2907 1611 2972 locutione
1638 2907 1839 2990 significatur
1869 2907 1993 2991 aliquid

413 3025 573 3092 ineassum
596 3031 630 3089 et
652 3025 722 3090 aine
745 3023 884 3091 utilitate
906 3024 1046 3110 suscipi.)

495 3145 537 3210 in
561 3151 686 3210 totum
710 3143 792 3210 Dial.
817 3146 875 3231 ΙΙΙ,
900 3147 949 3228 17,
972 3147 990 3209 7
1015 3151 1047 3210 et
1078 3145 1111 3208 in
1141 3151 1241 3210 totum
1275 3145 1455 3228 inaequalis
1489 3151 1539 3210 eet
1572 3145 1649 3232 (ira)
1669 3173 1711 3198 =
1733 3144 1766 3210 in
1798 3144 1990 3212 universum.

408 3265 448 3331 N.
471 3263 509 3343 Q.
532 3266 574 3351 ΙΙ,
597 3266 648 3349 27,
670 3265 699 3329 3.
743 3265 801 3350 Ep.
826 3265 877 3348 20,
900 3265 929 3330 d.
964 3266 1016 3349 31,
1037 3267 1065 3330 5.
1099 3267 1148 3348 71,
1171 3267 1220 3330 33.
1251 3264 1302 3348 85,
1319 3267 1368 3330 24.
1395 3265 1484 3348 94,3
1505 3284 1569 3328 555
1591 3263 1754 3330 desiderat
1777 3265 1992 3349 particulatim

408 3383 583 3468 admoneri,
613 3383 725 3450 doctus
748 3385 781 3448 in
804 3390 923 3467 tolum3
947 3385 998 3460 94,
1021 3385 1060 3449 31
1086 3390 1221 3466 utraque
1244 3403 1295 3450 rea
1325 3383 1493 3470 praecipit,
1516 3383 1573 3448 sed
1603 3384 1707 3448 altera
1728 3385 1761 3448 in
1784 3389 1894 3468 totum,
1921 3405 1993 3468 par-

407 3503 565 3568 ticulatim
588 3504 703 3586 altera,
736 3504 795 3588 Ep.
822 3505 892 3590 122,
914 3505 950 3588 93
994 3503 1137 3589 (praeter
1160 3503 1313 3570 Senecam
1338 3511 1370 3569 et
1392 3503 1602 3568 Columellam
1631 3503 1712 3568 Plin.
1743 3503 1816 3587 maj.
1841 3505 1870 3586 2,
1892 3505 1936 3568 90
1958 3509 1991 3568 ct

410 3623 541 3708 saepius
563 3623 610 3688 sio
633 3623 795 3708 loquitur.)

494 3762 544 3808 ex
567 3749 652 3809 toto
674 3743 759 3807 Dial.
774 3745 815 3828 ll,
834 3745 882 3822 15,
900 3742 992 3808 4vis
1013 3750 1047 3808 tu
1070 3741 1184 3806 fortius
1207 3741 1294 3826 loqui
1311 3750 1343 3806 et
1365 3743 1453 3807 illam
1468 3762 1509 3809 cx
1531 3748 1598 3808 toto
1620 3742 1833 3808 submovere?
1851 3769 1893 3795 =
1908 3762 1996 3826 pror-

410 3879 474 3945 sus,
498 3863 646 3946 omnino,
670 3863 707 3926 D.
721 3863 777 3946 IX,
792 3865 841 3936 10,
855 3865 884 3928 5.
919 3863 977 3946 XI,
999 3864 1029 3948 5,
1051 3863 1081 3928 5.
1116 3861 1193 3926 Beu.
1216 3862 1271 3944 1v,
1294 3861 1324 3945 4,
1346 3862 1374 3926 3.
1405 3862 1442 3946 V,
1467 3863 1516 3944 13,
1540 3861 1568 3928 3.
1600 3862 1671 3946 VII,
1692 3863 1744 3947 20,
1765 3863 1794 3926 3.
1827 3860 1866 3927 N.
1885 3859 1922 3938 Q.
1939 3861 1994 3944 Vl,

412 3981 465 4064 30,
488 3981 518 4067 2,
542 3981 595 4046 551
620 3984 791 4068 opponitur
814 4001 874 4066 „cx
899 3982 1027 4067 parte“;
1048 3981 1107 4066 Ep.
1132 3981 1182 4065 75,
1207 3982 1244 4047 11
1269 3980 1364 4046 nimiu
1387 3981 1552 4046 imminere
1575 3982 1689 4047 leviter
1710 3980 1859 4066 petendis
1880 3980 1932 4046 vel
1954 3999 1996 4046 ex

413 4107 480 4166 toto
506 4121 569 4166 non
591 4101 740 4186 petendis
763 4101 971 4187 (=pr0reue,
995 4101 1123 4167 omnino
1146 4101 1238 4187 non);
1258 4100 1317 4184 Ep.
1343 4101 1394 4185 87,
1416 4101 1465 4166 24.
1512 4099 1595 4186 (Hac
1615 4099 1884 4166 locutioneetiam
1901 4098 1993 4166 Ovid.

311 4295 316 4302 ,
411 4219 493 4287 Gelu.
516 4220 637 4287 Colum.
659 4221 742 4286 Plin.
763 4220 838 4305 maj.
866 4221 1019 4306 utuntur.)

495 4340 536 4405 in
558 4341 797 4423 tranquillo
819 4341 879 4426 Ep.
900 4341 952 4425 98,
977 4342 995 4405 7
1019 4346 1105 4407 certe
1137 4340 1171 4406 in
1201 4339 1373 4423 tranquillo
1402 4360 1465 4406 non
1488 4340 1715 4423 tumultuatur,
1744 4337 1905 4424 (similiter
1926 4335 1997 4420 jam

409 4459 539 4527 Terent.
563 4465 596 4526 et
617 4459 730 4526 cicero
753 4459 851 4526 locuti
874 4459 970 4546 aunt)

493 4598 542 4645 er
564 4579 801 4663 tranquillo
825 4579 936 4646 Benei.
952 4579 1021 4662 VII,
1041 4581 1072 4664 3,
1094 4580 1116 4645 2
1139 4578 1413 4657 Quemadmodum
1435 4577 1469 4644 di
1490 4578 1686 4645 immortales
1703 4597 1835 4663 regnum
1859 4575 1996 4642 inermes
