4578 5566
1058 371 1100 438 et

284 563 398 649 seeqri
417 591 464 626 π
495 579 536 628 ne
566 581 588 626 a
614 559 744 627 Persice
771 557 918 643 quidem,
951 557 1050 635 le,
1080 557 1151 643 vll,
1178 558 1234 642 31,
1263 555 1430 624 21011111
1460 554 1611 620 metronis
1645 554 1774 638 quidem
1808 575 1873 624 nou

283 681 465 750 induendos
486 680 548 746 viri
569 679 739 763 sumimus3
772 678 853 742 Dial
876 677 933 761 IX,
964 679 1013 764 17,
1035 679 1056 742 9
1079 675 1144 743 Sed
1165 696 1223 744 uec
1245 694 1342 760 saepe
1367 673 1548 744 lbeiendum
1570 683 1627 760 est,
1648 675 1715 758 (cl'r.
1737 673 1796 760 Ep.
1821 676 1875 760 66,

291 803 338 868 12
358 801 411 886 91),
425 799 498 886 45),
521 797 710 882 deibiensi,
732 800 762 883 5,
783 799 806 862 4
827 816 887 862 nec
909 795 1137 882 deprecaturus
1159 795 1297 881 quidem,
1317 795 1386 879 (cir.
1408 793 1448 860 de
1471 793 1566 860 Olem.
1592 795 1615 880 l,
1636 795 1688 881 25,
1703 795 1732 859 5.
1755 793 1875 880 Benl,

286 922 319 1006 4,
345 924 370 986 t
392 919 430 1005 v,
454 920 502 1004 19,
525 920 554 984 1.
578 916 649 1002 Vll,
674 918 723 1003 14,
741 917 768 982 6.
791 915 862 1002 VIl,
882 917 928 1002 18,
954 916 992 1002 1).
1015 913 1137 993 Quibus
1158 914 1236 980 locis
1258 914 1365 980 nescio
1387 934 1428 980 en
1451 912 1618 979 addendus
1640 913 1681 979 sit
1702 913 1740 979 Ν.
1755 913 1876 1000 (svn,

285 1040 385 1125 3115,
401 1059 501 1122 quem
523 1038 627 1106 locum
643 1035 783 1102 Hessius
804 1035 931 1120 optimis
952 1032 1114 1100 codicibus
1136 1033 1292 1100 1111111111
1307 1031 1467 1098 exhibuit:
1489 1030 1592 1110 Quem
1607 1033 1708 1098 multe
1721 1033 1873 1101 animalia

286 1157 349 1224 bec
369 1157 506 1242 primum
528 1156 734 1241 eognovimus
756 1153 898 1220 saeculo!
922 1173 1017 1236 quam
1040 1153 1141 1218 multe
1160 1151 1291 1238 negotis
1306 1173 1346 1218 ne
1362 1152 1422 1219 boc
1436 1151 1573 1236 quidem.
1600 1151 1700 1218 Multa
1715 1152 1873 1222 venientis

287 1276 361 1344 aevi
381 1277 518 1362 pepelue
539 1275 652 1359 ignote
672 1273 763 1342 nobis
785 1272 870 1340 sciet
900 1272 1079 1359 liebertus,
1107 1272 1172 1358 qni,
1200 1270 1346 1355 quemvis
1369 1272 1472 1340 locum
1497 1270 1572 1354 jure
1600 1272 1730 1338 minirue
1757 1293 1871 1344 senum

286 1415 361 1464 esee
384 1395 519 1481 judicet,
551 1395 672 1462 acriore
694 1400 800 1459 ternen
830 1391 991 1460 medicine
1021 1411 1097 1457 usus
1128 1398 1187 1477 est,
1216 1389 1332 1457 edidit:
1364 1390 1468 1469 Quem
1501 1392 1601 1457 multa
1630 1391 1782 1459 animalia
1811 1393 1873 1460 boc

286 1514 423 1600 prinum
445 1513 651 1600 cognovimus
673 1512 824 1579 saecule?
856 1519 889 1578 et
914 1511 1045 1596 quidem
1065 1511 1166 1576 mults
1194 1510 1348 1576 venientis
1378 1511 1450 1576 aevi
1481 1512 1616 1596 populus
1643 1511 1753 1598 ignote
1779 1511 1872 1579 nobis

286 1633 377 1702 sciet
418 1631 498 1700 ltili
519 1631 649 1716 quidem
670 1633 757 1698 locus
779 1651 841 1697 non
863 1630 910 1696 its
931 1629 1070 1697 diffieibs
1091 1629 1135 1696 ed
1150 1629 1383 1700 emendandum
1404 1649 1474 1696 esse
1498 1629 1630 1700 videtur.
1675 1630 1757 1697 Nem
1773 1651 1871 1714 quum

289 1751 415 1822 Senem
434 1758 501 1820 tete
523 1752 591 1818 loeo
613 1751 648 1817 id
669 1757 756 1836 eget,
777 1758 813 1816 ut
835 1750 1036 1836 demonstret,
1067 1750 1185 1815 multet
1205 1756 1313 1834 partes
1334 1747 1444 1818 mundi
1465 1748 1571 1818 edbue
1593 1749 1692 1816 lutere
1712 1771 1772 1818 nec
1793 1752 1873 1822 estis

288 1877 382 1940 ncne
399 1870 560 1958 11111111
581 1871 686 1936 futuro
708 1877 849 1953 ternpore
870 1868 904 1936 in
926 1869 1028 1936 luceur
1050 1868 1207 1954 prolatum
1228 1869 1268 1933 iri
1289 1889 1425 1952 cumque
1445 1868 1679 1936 continuandae
1694 1871 1872 1942 sententiae

289 2011 389 2058 censs
407 1991 587 2074 exemplum
617 1988 801 2054 animalium
830 1987 952 2074 afferet,
987 2007 1121 2071 qnorum
1151 1987 1217 2053 ulis
1243 1987 1298 2054 ille
1328 1989 1456 2055 saeculo
1482 1989 1616 2074 primum
1638 1989 1776 2076 cognite,
1807 1991 1873 2058 elie

288 2109 396 2176 edbne
417 2109 582 2194 incognita
601 2129 670 2176 esse
695 2108 782 2194 dicit,
815 2113 949 2193 apparet
971 2107 1102 2174 verbnm
1123 2107 1291 2194 „negetie“
1313 2107 1430 2174 abillo
1452 2109 1520 2174 loco
1542 2109 1770 2176 alienissimum
1792 2129 1872 2176 esse.

289 2227 463 2306 Quaerere·
481 2235 590 2296 autem
613 2227 701 2314 mibi,
721 2227 806 2294 unde
826 2225 914 2294 istud
936 2226 1125 2294 vocabulum
1146 2226 1180 2292 in
1203 2226 1287 2293 bunc
1309 2228 1411 2294 lecum
1432 2227 1603 2315 irrepserit,
1632 2227 1750 2315 duplex
1772 2229 1871 2316 hujus

287 2347 485 2430 quesbenis
502 2347 678 2416 solvendae
699 2346 781 2414 retio
808 2345 970 2432 preposits
998 2352 1054 2413 cst
1102 2341 1208 2430 Atque
1236 2353 1331 2412 untes
1360 2347 1437 2414 mibi
1464 2348 1637 2415 verisimile
1666 2369 1736 2416 esse
1765 2351 1870 2420 visum

287 2477 339 2535 est
352 2465 507 2535 8111111111
529 2465 670 2536 edidisse
691 2486 768 2534 nec
791 2467 877 2552 boe,
899 2465 993 2549 cujus
1015 2453 1082 2532 lc'ce
1105 2485 1176 2532 cum
1198 2465 1345 2532 librarium
1367 2465 1497 2550 qnidam
1512 2467 1691 2552 scripsisset
1711 2471 1872 2555 negetis

289 2587 350 2654 boe
371 2587 502 2654 verbum
524 2586 558 2652 in
579 2592 669 2652 textu
690 2585 786 2652 etiem
807 2592 875 2651 tum
903 2585 1045 2652 relictum
1074 2604 1146 2651 esse
1176 2585 1337 2670 petebam,
1368 2604 1439 2652 enm
1469 2586 1666 2670 supplendae
1694 2590 1874 2657 sententiae

288 2725 460 2792 eudemo
475 2705 553 2772 bod‘
569 2704 713 2773 edditum
735 2711 826 2770 esset
866 2703 933 2770 Nec
954 2703 1082 2770 silentio
1104 2703 1369 2788 praetereundum
1392 2713 1449 2792 est,
1471 2725 1578 2772 vocem
1600 2706 1704 2794 „nec“‚
1727 2729 1823 2792 quem
1837 2708 1871 2775 in

289 2825 393 2894 locun
415 2824 590 2910 particulae
603 2823 682 2910 „ne“
697 2823 854 2909 substitui,
875 2823 999 2910 insscd
1016 2823 1117 2892 Petu
1139 2831 1273 2910 exstare,
1293 2825 1328 2892 iu
1348 2844 1412 2907 quc
1433 2826 1520 2892 loeus
1541 2826 1595 2894 ille
1618 2825 1665 2893 sie
1686 2827 1873 2896 exhibetur:

288 2945 427 3028 11111111,
457 2963 553 3026 quem
581 2944 682 3010 mults
702 2943 837 3028 negocia
857 2961 917 3008 nee
938 2941 1067 3025 quidem
1089 2944 1149 3010 boc
1170 2943 1272 3012 multe
1292 2944 1429 3010 saeculis
1456 2950 1532 3011 tnnc
1560 2945 1682 3012 futuris.
1727 2947 1775 3014 Ne
1798 2949 1871 3032 quis

289 3083 366 3132 vere
395 3062 575 3131 offendetur
603 3063 708 3128 verbis
740 3060 906 3147 „quidem“
928 3069 961 3128 et
987 3063 1083 3148 „nee“
1105 3061 1292 3148 conjunctis,
1316 3062 1486 3132 tenendum
1517 3073 1566 3130 eet
1587 3065 1742 3132 Senecam
1774 3069 1869 3135 etiam

290 3182 363 3250 eliis
384 3181 548 3267 paniculis
571 3189 604 3248 et
624 3181 784 3248 adverbiis
805 3181 936 3246 verbum
960 3181 1125 3267 „quidem“
1147 3181 1266 3247 addere
1289 3181 1396 3248 solere.
1453 3183 1534 3249 Nem
1558 3191 1683 3269 praeter
1705 3188 1870 3254 formulam

288 3302 388 3388 illum,
408 3321 504 3386 quarn
526 3321 625 3385 supra
646 3300 960 3367 commemoravimus
982 3300 1121 3385 ,1111111111
1142 3300 1299 3388 quidem“,
1320 3302 1415 3368 etiem
1439 3303 1488 3368 bis
1507 3305 1613 3370 verbis
1635 3303 1777 3372 additum
1808 3315 1873 3374 est:

290 3423 487 3506 quonism
518 3420 594 3505 (Oti.
617 3420 656 3486 N.
679 3417 715 3498 Q
740 3419 792 3504 Vl,
813 3423 844 3505 2,
878 3425 889 3486 1
925 3417 995 3504 Ego
1023 3439 1096 3485 vere
1128 3421 1185 3504 bec
1214 3421 1318 3505 ipsum
1340 3422 1445 3487 solatii
1471 3424 1539 3490 loce
1567 3445 1649 3508 peno
1674 3433 1706 3491 et
1739 3427 1867 3510 quidem

290 3539 507 3625 valentissimi,
529 3539 678 3624 queniam
701 3539 830 3622 quidem
853 3539 923 3604 sine
945 3538 1074 3605 reuedio
1096 3539 1190 3605 timer
1210 3541 1315 3606 stultis
1336 3550 1395 3628 eet,
1416 3541 1552 3628 (111126,
1573 3549 1597 3610 1.
1621 3547 1671 3630 29,
1686 3547 1714 3610 8.
1736 3549 1788 3631 45,
1809 3547 1872 3634 11),

290 3657 491 3743 quamdiu
513 3657 680 3741 quidem
703 3658 802 3744 (trial
818 3657 887 3744 Vll,
910 3665 936 3742 1,
958 3659 1001 3744 2),
1023 3666 1195 3724 ceterum
1217 3660 1377 3742 quidem
1400 3660 1497 3746 (Diel
1519 3663 1560 3748 X,
1575 3665 1605 3749 2,
1621 3665 1662 3750 2).
1699 3663 1764 3731 Sed
1786 3687 1870 3735 nunc

290 3777 369 3848 mihi
390 3778 456 3848 aliu
477 3777 537 3844 loci
560 3776 751 3844 emendandi
772 3777 853 3844 retio
876 3777 1086 3863 praelererds
1106 3797 1177 3844 esse
1191 3777 1323 3845 videtur.
1367 3779 1521 3847 Senecam
1539 3790 1614 3867 pute
1629 3782 1676 3848 ita
1690 3783 1872 3870 scripsisse:

288 3896 412 3985 „Quem
426 3897 527 3965 multa
544 3895 697 3962 animulis
711 3896 771 3963 boc
793 3895 928 3981 primum
952 3897 1157 3982 cognorimus
1178 3898 1321 3964 saeculo!
1352 3919 1448 3983 quem
1469 3901 1568 3967 mults
1590 3923 1630 3970 ne
1653 3902 1712 3970 bec
1733 3904 1870 3989 quidem.

288 4015 391 4086 Mults
411 4015 542 4101 negetis
563 4015 720 4082 venientis
742 4015 814 4081 sevi
837 4015 973 4102 populus
994 4016 1105 4101 ignote
1126 4016 1217 4084 nobis
1244 4017 1332 4086 sciet.
1355 4020 1455 4086 multa
1482 4022 1617 4089 saeculis
1642 4031 1719 4090 tnnc
1748 4026 1871 4114 tuturis,

289 4156 362 4204 curu
391 4136 544 4204 memorie
576 4133 674 4202 nostri
701 4135 887 4220 exoleverit,
927 4136 1157 4204 reserventur.“
1213 4137 1318 4204 Verbe
1344 4159 1402 4226 „ne
1433 4139 1490 4207 boc
1518 4140 1653 4224 quidem.
1703 4143 1822 4212 11111111α
1850 4167 1871 4212 a

289 4255 418 4324 librario
440 4255 587 4342 quodum,
609 4253 702 4338 cnjus
724 4254 806 4321 oculi
828 4274 850 4320 e
872 4254 975 4340 priore
998 4255 1133 4340 „multtt‘
1155 4257 1198 4322 ed
1220 4257 1377 4342 posteriue
1398 4259 1592 4344 ebenerunt,
1616 4257 1739 4330 ¹omissa
1760 4273 1871 4350 postea

291 4395 364 4460 neu,
386 4381 421 4442 ut
440 4373 508 4442 fieri
531 4373 677 4460 debebat,
698 4379 772 4442 ente
795 4373 969 4460 ,1111110111α
991 4373 1048 4439 sed
1071 4381 1142 4460 pest
1164 4375 1222 4442 boc
1244 4377 1374 4444 verbum
1396 4378 1516 4446 inserte
1536 4388 1617 4448 snut

375 4491 448 4560 Jsrn
469 4514 545 4560 vero
567 4493 753 4579 particulae,
780 4513 838 4578 per
867 4511 948 4576 ques
975 4502 1031 4559 eut
1060 4493 1163 4560 simile
1189 4494 1313 4578 aliquid
1333 4503 1390 4562 eut
1409 4499 1590 4584 exemplum
1611 4499 1780 4589 inducitur,
1809 4503 1873 4570 hee

286 4613 359 4682 liure
380 4621 505 4698 praeter
526 4622 672 4699 receptes
694 4612 781 4698 apud
802 4611 958 4680 Senecam
979 4613 1198 4680 inveniuntur:
1228 4634 1323 4702 ceu,
1350 4635 1413 4699 qno
1440 4624 1551 4702 poetae
1573 4619 1632 4684 seli
1654 4620 1702 4686 uei
1725 4630 1799 4687 snut
1820 4623 1874 4709 (ll.
