<?xml version="1.0" encoding="UTF-8"?>
<!DOCTYPE html PUBLIC "-//W3C//DTD XHTML 1.0 Transitional//EN"
    "http://www.w3.org/TR/xhtml1/DTD/xhtml1-transitional.dtd">
<html xmlns="http://www.w3.org/1999/xhtml" xml:lang="en" lang="en">
 <head>
  <title>
</title>
<meta http-equiv="Content-Type" content="text/html;charset=utf-8" />
  <meta name='ocr-system' content='tesseract 3.04.00' />
  <meta name='ocr-capabilities' content='ocr_page ocr_carea ocr_par ocr_line ocrx_word'/>
</head>
<body>
  <div class='ocr_page' id='page_1' title='image "./delatinitatesen00opitgoog_0018.png"; bbox 0 0 4578 5566; ppageno 0'>
   <div class='ocr_carea' id='block_1_1' title="bbox 1047 362 1084 426">
    <p class='ocr_par' dir='ltr' id='par_1_1' title="bbox 1047 362 1084 426">
     <span class='ocr_line' id='line_1_1' title="bbox 1047 362 1084 426; baseline 0 0"><span class='ocrx_word' id='word_1_1' title='bbox 1047 362 1084 426; x_wconf 86' lang='lat'><strong>11</strong></span> 
     </span>
    </p>
   </div>
   <div class='ocr_carea' id='block_1_2' title="bbox 271 545 1864 1472">
    <p class='ocr_par' dir='ltr' id='par_1_2' title="bbox 271 545 1864 1472">
     <span class='ocr_line' id='line_1_2' title="bbox 274 545 1864 638; baseline -0.004 -20"><span class='ocrx_word' id='word_1_2' title='bbox 274 551 432 620; x_wconf 72' lang='lat' dir='ltr'>audaciae</span> <span class='ocrx_word' id='word_1_3' title='bbox 467 568 673 638; x_wconf 79' lang='lat' dir='ltr'><strong>progressum</strong></span> <span class='ocrx_word' id='word_1_4' title='bbox 702 569 773 616; x_wconf 89' lang='lat' dir='ltr'><strong>esse</strong></span> <span class='ocrx_word' id='word_1_5' title='bbox 808 548 992 636; x_wconf 88' lang='lat' dir='ltr'><strong>existimat,</strong></span> <span class='ocrx_word' id='word_1_6' title='bbox 1025 555 1060 613; x_wconf 95' lang='lat' dir='ltr'><strong>ut</strong></span> <span class='ocrx_word' id='word_1_7' title='bbox 1081 547 1178 614; x_wconf 89' lang='lat' dir='ltr'><strong>etiam</strong></span> <span class='ocrx_word' id='word_1_8' title='bbox 1201 548 1346 614; x_wconf 87' lang='lat' dir='ltr'><strong>homines</strong></span> <span class='ocrx_word' id='word_1_9' title='bbox 1368 549 1567 633; x_wconf 83' lang='lat' dir='ltr'><strong>permitti</strong></span> <span class='ocrx_word' id='word_1_10' title='bbox 1589 549 1712 616; x_wconf 84' lang='lat' dir='ltr'><strong>diceret</strong></span> <span class='ocrx_word' id='word_1_11' title='bbox 1739 545 1864 631; x_wconf 89' lang='lat' dir='ltr'><strong>aliquid</strong></span> 
     </span>
     <span class='ocr_line' id='line_1_3' title="bbox 276 666 1860 754; baseline -0.003 -18"><span class='ocrx_word' id='word_1_12' title='bbox 276 672 407 738; x_wconf 82' lang='lat' dir='ltr'><strong>lacere?</strong></span> <span class='ocrx_word' id='word_1_13' title='bbox 436 670 501 736; x_wconf 89' lang='lat' dir='ltr'><strong>Sed</strong></span> <span class='ocrx_word' id='word_1_14' title='bbox 521 668 555 736; x_wconf 92' lang='lat' dir='ltr'><strong>id</strong></span> <span class='ocrx_word' id='word_1_15' title='bbox 577 669 723 753; x_wconf 87' lang='lat' dir='ltr'><strong>quamvis</strong></span> <span class='ocrx_word' id='word_1_16' title='bbox 744 669 778 734; x_wconf 95' lang='lat' dir='ltr'><strong>in</strong></span> <span class='ocrx_word' id='word_1_17' title='bbox 805 669 925 752; x_wconf 89' lang='lat' dir='ltr'><strong>tabula,</strong></span> <span class='ocrx_word' id='word_1_18' title='bbox 947 688 1043 751; x_wconf 89' lang='lat' dir='ltr'><strong>quam</strong></span> <span class='ocrx_word' id='word_1_19' title='bbox 1065 667 1156 735; x_wconf 86' lang='lat' dir='ltr'><strong>Forc.</strong></span> <span class='ocrx_word' id='word_1_20' title='bbox 1176 667 1270 734; x_wconf 83' lang='lat' dir='ltr'><strong>affert</strong></span> <span class='ocrx_word' id='word_1_21' title='bbox 1292 675 1325 733; x_wconf 93' lang='lat' dir='ltr'><strong>et</strong></span> <span class='ocrx_word' id='word_1_22' title='bbox 1347 666 1433 754; x_wconf 88' lang='lat' dir='ltr'><strong>apud</strong></span> <span class='ocrx_word' id='word_1_23' title='bbox 1460 669 1654 754; x_wconf 84' lang='lat' dir='ltr'>posteriores</span> <span class='ocrx_word' id='word_1_24' title='bbox 1676 668 1860 753; x_wconf 80' lang='lat' dir='ltr'>scriptores,</span> 
     </span>
     <span class='ocr_line' id='line_1_4' title="bbox 275 787 1858 876; baseline -0.004 -19"><span class='ocrx_word' id='word_1_25' title='bbox 275 799 312 857; x_wconf 88' lang='lat' dir='ltr'><strong>nt</strong></span> <span class='ocrx_word' id='word_1_26' title='bbox 332 791 561 876; x_wconf 71' lang='lat' dir='ltr'><strong>augustinum,</strong></span> <span class='ocrx_word' id='word_1_27' title='bbox 584 789 775 873; x_wconf 85' lang='lat' dir='ltr'><strong>inveniatur,</strong></span> <span class='ocrx_word' id='word_1_28' title='bbox 796 794 903 854; x_wconf 88' lang='lat' dir='ltr'><strong>tamen</strong></span> <span class='ocrx_word' id='word_1_29' title='bbox 932 808 954 853; x_wconf 90' lang='lat' dir='ltr'><strong>a</strong></span> <span class='ocrx_word' id='word_1_30' title='bbox 974 787 1099 853; x_wconf 80' lang='lat' dir='ltr'>Seneca</span> <span class='ocrx_word' id='word_1_31' title='bbox 1129 788 1270 853; x_wconf 90' lang='lat' dir='ltr'><strong>alienum</strong></span> <span class='ocrx_word' id='word_1_32' title='bbox 1305 808 1376 854; x_wconf 89' lang='lat' dir='ltr'><strong>esse</strong></span> <span class='ocrx_word' id='word_1_33' title='bbox 1402 787 1480 854; x_wconf 92' lang='lat' dir='ltr'><strong>mihi</strong></span> <span class='ocrx_word' id='word_1_34' title='bbox 1510 788 1639 872; x_wconf 88' lang='lat' dir='ltr'><strong>quidem</strong></span> <span class='ocrx_word' id='word_1_35' title='bbox 1668 806 1858 872; x_wconf 90' lang='lat' dir='ltr'><strong>persuasum</strong></span> 
     </span>
     <span class='ocr_line' id='line_1_5' title="bbox 271 904 1860 992; baseline -0.005 -14"><span class='ocrx_word' id='word_1_36' title='bbox 271 918 332 978; x_wconf 81' lang='lat' dir='ltr'><strong>cst</strong></span> <span class='ocrx_word' id='word_1_37' title='bbox 377 911 536 976; x_wconf 88' lang='lat' dir='ltr'><strong>Nimirum</strong></span> <span class='ocrx_word' id='word_1_38' title='bbox 558 908 682 975; x_wconf 93' lang='lat' dir='ltr'><strong>dnobus</strong></span> <span class='ocrx_word' id='word_1_39' title='bbox 705 908 769 974; x_wconf 92' lang='lat' dir='ltr'><strong>illis</strong></span> <span class='ocrx_word' id='word_1_40' title='bbox 783 907 926 974; x_wconf 80' lang='lat' dir='ltr'>Senecae</span> <span class='ocrx_word' id='word_1_41' title='bbox 948 907 1036 992; x_wconf 93' lang='lat' dir='ltr'><strong>locis,</strong></span> <span class='ocrx_word' id='word_1_42' title='bbox 1059 927 1140 991; x_wconf 91' lang='lat' dir='ltr'><strong>quos</strong></span> <span class='ocrx_word' id='word_1_43' title='bbox 1162 907 1296 973; x_wconf 82' lang='lat' dir='ltr'><strong>Forcell.</strong></span> <span class='ocrx_word' id='word_1_44' title='bbox 1319 907 1424 992; x_wconf 82' lang='lat' dir='ltr'><strong>affert,</strong></span> <span class='ocrx_word' id='word_1_45' title='bbox 1448 908 1525 973; x_wconf 89' lang='lat' dir='ltr'>Ben.</span> <span class='ocrx_word' id='word_1_46' title='bbox 1541 907 1595 991; x_wconf 88' lang='lat' dir='ltr'><strong>IV,</strong></span> <span class='ocrx_word' id='word_1_47' title='bbox 1614 909 1662 991; x_wconf 91' lang='grc'><strong>12,</strong></span> <span class='ocrx_word' id='word_1_48' title='bbox 1681 909 1710 973; x_wconf 85' lang='grc'><strong>2.</strong></span> <span class='ocrx_word' id='word_1_49' title='bbox 1728 913 1759 971; x_wconf 92' lang='lat' dir='ltr'><strong>et</strong></span> <span class='ocrx_word' id='word_1_50' title='bbox 1774 904 1860 971; x_wconf 88' lang='lat' dir='ltr'><strong>Dial.</strong></span> 
     </span>
     <span class='ocr_line' id='line_1_6' title="bbox 279 1025 1859 1117; baseline -0.004 -20"><span class='ocrx_word' id='word_1_51' title='bbox 279 1032 337 1116; x_wconf 92' lang='grc' dir='ltr'><strong>ΙΙΙ,</strong></span> <span class='ocrx_word' id='word_1_52' title='bbox 358 1034 386 1117; x_wconf 91' lang='grc'><strong>7,</strong></span> <span class='ocrx_word' id='word_1_53' title='bbox 414 1032 436 1095; x_wconf 90' lang='grc'><strong>4</strong></span> <span class='ocrx_word' id='word_1_54' title='bbox 466 1028 561 1094; x_wconf 87' lang='lat' dir='ltr'><strong>facile</strong></span> <span class='ocrx_word' id='word_1_55' title='bbox 590 1029 635 1094; x_wconf 90' lang='lat' dir='ltr'><strong>ita</strong></span> <span class='ocrx_word' id='word_1_56' title='bbox 664 1029 824 1094; x_wconf 89' lang='lat' dir='ltr'><strong>sententia</strong></span> <span class='ocrx_word' id='word_1_57' title='bbox 846 1027 988 1113; x_wconf 91' lang='lat' dir='ltr'><strong>suppleri</strong></span> <span class='ocrx_word' id='word_1_58' title='bbox 1019 1035 1133 1113; x_wconf 91' lang='lat' dir='ltr'><strong>potest,</strong></span> <span class='ocrx_word' id='word_1_59' title='bbox 1162 1035 1197 1093; x_wconf 88' lang='lat' dir='ltr'><strong>ut</strong></span> <span class='ocrx_word' id='word_1_60' title='bbox 1218 1026 1288 1113; x_wconf 87' lang='lat' dir='ltr'><strong>„ei“</strong></span> <span class='ocrx_word' id='word_1_61' title='bbox 1310 1028 1490 1112; x_wconf 82' lang='lat' dir='ltr'><strong>intellegas,</strong></span> <span class='ocrx_word' id='word_1_62' title='bbox 1520 1027 1614 1093; x_wconf 92' lang='lat' dir='ltr'><strong>modo</strong></span> <span class='ocrx_word' id='word_1_63' title='bbox 1643 1025 1859 1092; x_wconf 88' lang='lat' dir='ltr'><strong>distinotionis</strong></span> 
     </span>
     <span class='ocr_line' id='line_1_7' title="bbox 274 1141 1861 1234; baseline -0.003 -18"><span class='ocrx_word' id='word_1_64' title='bbox 274 1151 410 1234; x_wconf 80' lang='lat' dir='ltr'><strong>signum,</strong></span> <span class='ocrx_word' id='word_1_65' title='bbox 426 1147 512 1232; x_wconf 90' lang='lat' dir='ltr'><strong>quod</strong></span> <span class='ocrx_word' id='word_1_66' title='bbox 529 1148 666 1214; x_wconf 83' lang='lat' dir='ltr'><strong>Forcell.</strong></span> <span class='ocrx_word' id='word_1_67' title='bbox 688 1154 780 1234; x_wconf 87' lang='lat' dir='ltr'><strong>„post</strong></span> <span class='ocrx_word' id='word_1_68' title='bbox 795 1141 949 1230; x_wconf 82' lang='lat' dir='ltr'><strong>animus“,</strong></span> <span class='ocrx_word' id='word_1_69' title='bbox 966 1147 1082 1232; x_wconf 89' lang='lat' dir='ltr'><strong>posuit,</strong></span> <span class='ocrx_word' id='word_1_70' title='bbox 1098 1147 1254 1214; x_wconf 87' lang='lat' dir='ltr'><strong>deleatur.</strong></span> <span class='ocrx_word' id='word_1_71' title='bbox 1278 1148 1342 1220; x_wconf 87' lang='lat' dir='ltr'><strong>(De</strong></span> <span class='ocrx_word' id='word_1_72' title='bbox 1357 1148 1434 1213; x_wconf 93' lang='lat' dir='ltr'>Ben.</span> <span class='ocrx_word' id='word_1_73' title='bbox 1447 1146 1503 1230; x_wconf 89' lang='lat' dir='ltr'><strong>IV,</strong></span> <span class='ocrx_word' id='word_1_74' title='bbox 1520 1148 1569 1230; x_wconf 93' lang='grc'><strong>12,</strong></span> <span class='ocrx_word' id='word_1_75' title='bbox 1581 1147 1601 1211; x_wconf 91' lang='grc'>2</span> <span class='ocrx_word' id='word_1_76' title='bbox 1613 1145 1668 1212; x_wconf 92' lang='lat' dir='ltr'><strong>Sic</strong></span> <span class='ocrx_word' id='word_1_77' title='bbox 1683 1145 1861 1211; x_wconf 79' lang='lat' dir='ltr'><strong>latronibus</strong></span> 
     </span>
     <span class='ocr_line' id='line_1_8' title="bbox 278 1263 1861 1352; baseline -0.003 -18"><span class='ocrx_word' id='word_1_78' title='bbox 278 1270 528 1334; x_wconf 88' lang='lat' dir='ltr'><strong>circumventum</strong></span> <span class='ocrx_word' id='word_1_79' title='bbox 556 1266 705 1350; x_wconf 87' lang='lat' dir='ltr'><strong>delendo,</strong></span> <span class='ocrx_word' id='word_1_80' title='bbox 735 1273 769 1332; x_wconf 89' lang='lat' dir='ltr'><strong>ut</strong></span> <span class='ocrx_word' id='word_1_81' title='bbox 791 1273 859 1332; x_wconf 90' lang='lat' dir='ltr'><strong>tuto</strong></span> <span class='ocrx_word' id='word_1_82' title='bbox 890 1267 1028 1333; x_wconf 90' lang='lat' dir='ltr'><strong>transire</strong></span> <span class='ocrx_word' id='word_1_83' title='bbox 1050 1269 1263 1352; x_wconf 81' lang='lat' dir='ltr'><strong>permittatur.</strong></span> <span class='ocrx_word' id='word_1_84' title='bbox 1310 1267 1395 1332; x_wconf 87' lang='lat' dir='ltr'><strong>Dial.</strong></span> <span class='ocrx_word' id='word_1_85' title='bbox 1418 1267 1475 1350; x_wconf 90' lang='lat' dir='ltr'><strong>Ill,</strong></span> <span class='ocrx_word' id='word_1_86' title='bbox 1510 1270 1539 1351; x_wconf 85' lang='lat'><strong>7,</strong></span> <span class='ocrx_word' id='word_1_87' title='bbox 1566 1269 1587 1332; x_wconf 87' lang='lat'>4</span> <span class='ocrx_word' id='word_1_88' title='bbox 1610 1267 1655 1332; x_wconf 90' lang='lat' dir='ltr'><strong>ita</strong></span> <span class='ocrx_word' id='word_1_89' title='bbox 1683 1265 1809 1330; x_wconf 91' lang='lat' dir='ltr'><strong>animus</strong></span> <span class='ocrx_word' id='word_1_90' title='bbox 1833 1263 1861 1330; x_wconf 91' lang='lat' dir='ltr'><strong>si</strong></span> 
     </span>
     <span class='ocr_line' id='line_1_9' title="bbox 274 1383 1861 1472; baseline -0.002 -20"><span class='ocrx_word' id='word_1_91' title='bbox 274 1388 306 1452; x_wconf 94' lang='lat' dir='ltr'><strong>in</strong></span> <span class='ocrx_word' id='word_1_92' title='bbox 328 1388 418 1472; x_wconf 91' lang='lat' dir='ltr'><strong>iram,</strong></span> <span class='ocrx_word' id='word_1_93' title='bbox 448 1407 589 1453; x_wconf 93' lang='lat' dir='ltr'><strong>amorem</strong></span> <span class='ocrx_word' id='word_1_94' title='bbox 611 1385 757 1469; x_wconf 90' lang='lat' dir='ltr'><strong>aliosque</strong></span> <span class='ocrx_word' id='word_1_95' title='bbox 779 1405 814 1452; x_wconf 90' lang='lat' dir='ltr'><strong>se</strong></span> <span class='ocrx_word' id='word_1_96' title='bbox 835 1385 973 1471; x_wconf 88' lang='lat' dir='ltr'><strong>projecit</strong></span> <span class='ocrx_word' id='word_1_97' title='bbox 1000 1385 1156 1469; x_wconf 89' lang='lat' dir='ltr'><strong>adlectus,</strong></span> <span class='ocrx_word' id='word_1_98' title='bbox 1189 1407 1252 1452; x_wconf 92' lang='lat' dir='ltr'><strong>non</strong></span> <span class='ocrx_word' id='word_1_99' title='bbox 1275 1387 1471 1472; x_wconf 87' lang='lat' dir='ltr'><strong>permittitur</strong></span> <span class='ocrx_word' id='word_1_100' title='bbox 1498 1386 1672 1471; x_wconf 87' lang='lat' dir='ltr'><strong>reprimere</strong></span> <span class='ocrx_word' id='word_1_101' title='bbox 1693 1383 1861 1470; x_wconf 90' lang='lat' dir='ltr'><strong>inpetum).</strong></span> 
     </span>
    </p>
   </div>
   <div class='ocr_carea' id='block_1_3' title="bbox 130 1503 1860 1591">
    <p class='ocr_par' dir='ltr' id='par_1_3' title="bbox 130 1503 1860 1591">
     <span class='ocr_line' id='line_1_10' title="bbox 130 1503 1860 1591; baseline -0.002 -19"><span class='ocrx_word' id='word_1_102' title='bbox 130 1529 137 1544; x_wconf 94' lang='lat'><strong>·</strong></span> <span class='ocrx_word' id='word_1_103' title='bbox 274 1507 338 1573; x_wconf 79' lang='lat' dir='ltr'><strong>etr.</strong></span> <span class='ocrx_word' id='word_1_104' title='bbox 361 1507 457 1572; x_wconf 82' lang='lat' dir='ltr'><strong>Mutz.</strong></span> <span class='ocrx_word' id='word_1_105' title='bbox 476 1507 520 1572; x_wconf 91' lang='lat' dir='ltr'><strong>ad</strong></span> <span class='ocrx_word' id='word_1_106' title='bbox 543 1506 629 1572; x_wconf 83' lang='lat' dir='ltr'><strong>Gurt.</strong></span> <span class='ocrx_word' id='word_1_107' title='bbox 652 1527 683 1591; x_wconf 83' lang='lat' dir='ltr'><strong>p.</strong></span> <span class='ocrx_word' id='word_1_108' title='bbox 709 1507 779 1572; x_wconf 81' lang='grc'><strong>793.</strong></span> <span class='ocrx_word' id='word_1_109' title='bbox 823 1505 988 1572; x_wconf 90' lang='lat' dir='ltr'><strong>Postremo</strong></span> <span class='ocrx_word' id='word_1_110' title='bbox 1018 1525 1265 1572; x_wconf 92' lang='lat' dir='ltr'><strong>commemorare</strong></span> <span class='ocrx_word' id='word_1_111' title='bbox 1292 1507 1387 1591; x_wconf 90' lang='lat' dir='ltr'><strong>libet,</strong></span> <span class='ocrx_word' id='word_1_112' title='bbox 1418 1507 1514 1572; x_wconf 88' lang='lat' dir='ltr'><strong>etiam</strong></span> <span class='ocrx_word' id='word_1_113' title='bbox 1538 1506 1640 1572; x_wconf 86' lang='lat' dir='ltr'><strong>verba</strong></span> <span class='ocrx_word' id='word_1_114' title='bbox 1670 1503 1860 1587; x_wconf 91' lang='lat' dir='ltr'><strong>haerere,</strong></span> 
     </span>
    </p>
   </div>
   <div class='ocr_carea' id='block_1_4' title="bbox 268 1625 1861 3743">
    <p class='ocr_par' dir='ltr' id='par_1_4' title="bbox 268 1625 1564 1712">
     <span class='ocr_line' id='line_1_11' title="bbox 268 1625 1564 1712; baseline -0.001 -20"><span class='ocrx_word' id='word_1_115' title='bbox 268 1627 466 1712; x_wconf 86' lang='lat' dir='ltr'><strong>jungere,</strong></span> <span class='ocrx_word' id='word_1_116' title='bbox 489 1627 641 1712; x_wconf 89' lang='lat' dir='ltr'><strong>inesse,</strong></span> <span class='ocrx_word' id='word_1_117' title='bbox 665 1625 899 1692; x_wconf 88' lang='lat' dir='ltr'><strong>incumbere</strong></span> <span class='ocrx_word' id='word_1_118' title='bbox 922 1645 943 1691; x_wconf 91' lang='lat' dir='ltr'><strong>a</strong></span> <span class='ocrx_word' id='word_1_119' title='bbox 964 1625 1088 1692; x_wconf 84' lang='lat' dir='ltr'>Seneca</span> <span class='ocrx_word' id='word_1_120' title='bbox 1111 1645 1182 1690; x_wconf 90' lang='lat' dir='ltr'><strong>cum</strong></span> <span class='ocrx_word' id='word_1_121' title='bbox 1204 1625 1314 1692; x_wconf 86' lang='lat' dir='ltr'><strong>dativo</strong></span> <span class='ocrx_word' id='word_1_122' title='bbox 1331 1627 1428 1711; x_wconf 82' lang='lat' dir='ltr'><strong>jungi</strong></span> <span class='ocrx_word' id='word_1_123' title='bbox 1452 1627 1564 1692; x_wconf 92' lang='lat' dir='ltr'><strong>solere.</strong></span> 
     </span>
    </p>

    <p class='ocr_par' dir='ltr' id='par_1_5' title="bbox 268 1740 1861 2420">
     <span class='ocr_line' id='line_1_12' title="bbox 360 1740 1860 1831; baseline -0.003 -20"><span class='ocrx_word' id='word_1_124' title='bbox 360 1746 635 1812; x_wconf 84' lang='lat' dir='ltr'><strong>Accusativus</strong></span> <span class='ocrx_word' id='word_1_125' title='bbox 657 1745 817 1811; x_wconf 87' lang='lat' dir='ltr'><strong>aScneca</strong></span> <span class='ocrx_word' id='word_1_126' title='bbox 832 1745 962 1831; x_wconf 84' lang='lat' dir='ltr'><strong>saepius</strong></span> <span class='ocrx_word' id='word_1_127' title='bbox 978 1765 1073 1828; x_wconf 88' lang='lat' dir='ltr'><strong>quam</strong></span> <span class='ocrx_word' id='word_1_128' title='bbox 1097 1747 1347 1831; x_wconf 83' lang='lat' dir='ltr'><strong>ascriptoribus</strong></span> <span class='ocrx_word' id='word_1_129' title='bbox 1371 1765 1490 1812; x_wconf 84' lang='lat' dir='ltr'><strong>aureae</strong></span> <span class='ocrx_word' id='word_1_130' title='bbox 1520 1744 1638 1811; x_wconf 89' lang='lat' dir='ltr'><strong>aetatis</strong></span> <span class='ocrx_word' id='word_1_131' title='bbox 1661 1763 1731 1809; x_wconf 85' lang='lat' dir='ltr'><strong>cum</strong></span> <span class='ocrx_word' id='word_1_132' title='bbox 1752 1740 1860 1808; x_wconf 87' lang='lat' dir='ltr'><strong>verbis</strong></span> 
     </span>
     <span class='ocr_line' id='line_1_13' title="bbox 275 1862 1861 1950; baseline -0.001 -22"><span class='ocrx_word' id='word_1_133' title='bbox 275 1863 487 1930; x_wconf 85' lang='lat' dir='ltr'><strong>intransitivis</strong></span> <span class='ocrx_word' id='word_1_134' title='bbox 517 1864 729 1949; x_wconf 84' lang='lat' dir='ltr'><strong>conjungitur.</strong></span> <span class='ocrx_word' id='word_1_135' title='bbox 777 1867 824 1930; x_wconf 82' lang='lat' dir='ltr'><strong>Ac</strong></span> <span class='ocrx_word' id='word_1_136' title='bbox 853 1865 990 1950; x_wconf 89' lang='lat' dir='ltr'><strong>primum</strong></span> <span class='ocrx_word' id='word_1_137' title='bbox 1020 1867 1195 1931; x_wconf 87' lang='lat' dir='ltr'><strong>accusativi</strong></span> <span class='ocrx_word' id='word_1_138' title='bbox 1218 1865 1337 1949; x_wconf 89' lang='lat' dir='ltr'><strong>objecti</strong></span> <span class='ocrx_word' id='word_1_139' title='bbox 1368 1865 1496 1950; x_wconf 92' lang='lat' dir='ltr'><strong>interni,</strong></span> <span class='ocrx_word' id='word_1_140' title='bbox 1527 1865 1582 1948; x_wconf 90' lang='lat' dir='ltr'><strong>qui</strong></span> <span class='ocrx_word' id='word_1_141' title='bbox 1612 1863 1743 1945; x_wconf 90' lang='lat' dir='ltr'><strong>dicitur,</strong></span> <span class='ocrx_word' id='word_1_142' title='bbox 1780 1862 1861 1927; x_wconf 93' lang='lat' dir='ltr'><strong>haec</strong></span> 
     </span>
     <span class='ocr_line' id='line_1_14' title="bbox 275 1981 1860 2069; baseline -0.001 -21"><span class='ocrx_word' id='word_1_143' title='bbox 275 1983 424 2068; x_wconf 83' lang='lat' dir='ltr'><strong>exempla</strong></span> <span class='ocrx_word' id='word_1_144' title='bbox 457 1990 600 2050; x_wconf 84' lang='lat' dir='ltr'><strong>exstant:</strong></span> <span class='ocrx_word' id='word_1_145' title='bbox 630 1984 714 2050; x_wconf 90' lang='lat' dir='ltr'><strong>Dial.</strong></span> <span class='ocrx_word' id='word_1_146' title='bbox 736 1985 808 2068; x_wconf 90' lang='lat' dir='ltr'><strong>Vll,</strong></span> <span class='ocrx_word' id='word_1_147' title='bbox 829 1986 903 2068; x_wconf 87' lang='grc'><strong>4,3</strong></span> <span class='ocrx_word' id='word_1_148' title='bbox 932 1985 1098 2051; x_wconf 82' lang='lat' dir='ltr'><strong>noxiosam</strong></span> <span class='ocrx_word' id='word_1_149' title='bbox 1125 1985 1311 2052; x_wconf 88' lang='lat' dir='ltr'><strong>servitutem</strong></span> <span class='ocrx_word' id='word_1_150' title='bbox 1345 1985 1534 2068; x_wconf 86' lang='lat' dir='ltr'><strong>serviturus,</strong></span> <span class='ocrx_word' id='word_1_151' title='bbox 1568 1985 1625 2069; x_wconf 81' lang='lat' dir='ltr'><strong>Ep.</strong></span> <span class='ocrx_word' id='word_1_152' title='bbox 1651 1983 1739 2067; x_wconf 85' lang='grc'><strong>16,9</strong></span> <span class='ocrx_word' id='word_1_153' title='bbox 1773 1981 1860 2046; x_wconf 90' lang='lat' dir='ltr'><strong>viam</strong></span> 
     </span>
     <span class='ocr_line' id='line_1_15' title="bbox 274 2099 1858 2190; baseline -0.001 -23"><span class='ocrx_word' id='word_1_154' title='bbox 274 2102 372 2186; x_wconf 89' lang='lat' dir='ltr'><strong>eunti,</strong></span> <span class='ocrx_word' id='word_1_155' title='bbox 393 2102 433 2169; x_wconf 92' lang='lat' dir='ltr'><strong>D.</strong></span> <span class='ocrx_word' id='word_1_156' title='bbox 458 2104 516 2186; x_wconf 91' lang='lat' dir='ltr'><strong>III,</strong></span> <span class='ocrx_word' id='word_1_157' title='bbox 540 2105 591 2188; x_wconf 88' lang='grc'><strong>20,</strong></span> <span class='ocrx_word' id='word_1_158' title='bbox 615 2105 636 2168; x_wconf 88' lang='grc'>2</span> <span class='ocrx_word' id='word_1_159' title='bbox 663 2104 762 2169; x_wconf 89' lang='lat' dir='ltr'><strong>altum</strong></span> <span class='ocrx_word' id='word_1_160' title='bbox 793 2103 946 2187; x_wconf 85' lang='lat' dir='ltr'><strong>quiddam</strong></span> <span class='ocrx_word' id='word_1_161' title='bbox 973 2112 1007 2170; x_wconf 88' lang='lat' dir='ltr'><strong>et</strong></span> <span class='ocrx_word' id='word_1_162' title='bbox 1035 2105 1171 2171; x_wconf 90' lang='lat' dir='ltr'><strong>sublime</strong></span> <span class='ocrx_word' id='word_1_163' title='bbox 1202 2103 1326 2190; x_wconf 89' lang='lat' dir='ltr'><strong>spirare</strong></span> <span class='ocrx_word' id='word_1_164' title='bbox 1353 2125 1389 2170; x_wconf 91' lang='lat' dir='ltr'><strong>se</strong></span> <span class='ocrx_word' id='word_1_165' title='bbox 1420 2103 1564 2188; x_wconf 93' lang='lat' dir='ltr'><strong>credunt,</strong></span> <span class='ocrx_word' id='word_1_166' title='bbox 1590 2103 1629 2170; x_wconf 89' lang='lat' dir='ltr'><strong>D.</strong></span> <span class='ocrx_word' id='word_1_167' title='bbox 1652 2103 1689 2186; x_wconf 90' lang='lat' dir='ltr'><strong>V,</strong></span> <span class='ocrx_word' id='word_1_168' title='bbox 1713 2103 1743 2184; x_wconf 87' lang='lat'><strong>3,</strong></span> <span class='ocrx_word' id='word_1_169' title='bbox 1766 2099 1858 2166; x_wconf 84' lang='lat' dir='ltr'><strong>dira</strong></span> 
     </span>
     <span class='ocr_line' id='line_1_16' title="bbox 268 2220 1859 2309; baseline -0.002 -22"><span class='ocrx_word' id='word_1_170' title='bbox 268 2221 378 2287; x_wconf 90' lang='lat' dir='ltr'><strong>dirum</strong></span> <span class='ocrx_word' id='word_1_171' title='bbox 409 2222 564 2305; x_wconf 85' lang='lat' dir='ltr'><strong>quiddam</strong></span> <span class='ocrx_word' id='word_1_172' title='bbox 594 2229 692 2307; x_wconf 89' lang='lat' dir='ltr'><strong>atque</strong></span> <span class='ocrx_word' id='word_1_173' title='bbox 720 2222 885 2289; x_wconf 91' lang='lat' dir='ltr'><strong>borridum</strong></span> <span class='ocrx_word' id='word_1_174' title='bbox 912 2224 1068 2308; x_wconf 90' lang='lat' dir='ltr'><strong>stridens,</strong></span> <span class='ocrx_word' id='word_1_175' title='bbox 1096 2225 1136 2292; x_wconf 91' lang='lat' dir='ltr'><strong>D.</strong></span> <span class='ocrx_word' id='word_1_176' title='bbox 1159 2225 1203 2308; x_wconf 87' lang='lat' dir='ltr'><strong>V,</strong></span> <span class='ocrx_word' id='word_1_177' title='bbox 1225 2226 1261 2309; x_wconf 85' lang='lat'><strong>4,</strong></span> <span class='ocrx_word' id='word_1_178' title='bbox 1284 2226 1304 2289; x_wconf 93' lang='grc'>2</span> <span class='ocrx_word' id='word_1_179' title='bbox 1332 2224 1437 2290; x_wconf 89' lang='lat' dir='ltr'><strong>dirum</strong></span> <span class='ocrx_word' id='word_1_180' title='bbox 1468 2223 1622 2307; x_wconf 86' lang='lat' dir='ltr'><strong>quiddam</strong></span> <span class='ocrx_word' id='word_1_181' title='bbox 1650 2220 1859 2287; x_wconf 82' lang='lat' dir='ltr'><strong>exsibilantia</strong></span> 
     </span>
     <span class='ocr_line' id='line_1_17' title="bbox 277 2341 401 2420; baseline 0.032 -16"><span class='ocrx_word' id='word_1_182' title='bbox 277 2341 401 2420; x_wconf 88' lang='lat' dir='ltr'><strong>(labra).</strong></span> 
     </span>
    </p>

    <p class='ocr_par' dir='ltr' id='par_1_6' title="bbox 274 2459 1861 3743">
     <span class='ocr_line' id='line_1_18' title="bbox 359 2459 1859 2548; baseline -0.001 -22"><span class='ocrx_word' id='word_1_183' title='bbox 359 2459 433 2526; x_wconf 90' lang='lat' dir='ltr'><strong>Jam</strong></span> <span class='ocrx_word' id='word_1_184' title='bbox 459 2481 537 2526; x_wconf 87' lang='lat' dir='ltr'><strong>vero</strong></span> <span class='ocrx_word' id='word_1_185' title='bbox 559 2461 698 2546; x_wconf 90' lang='lat' dir='ltr'><strong>plurima</strong></span> <span class='ocrx_word' id='word_1_186' title='bbox 718 2461 827 2548; x_wconf 87' lang='lat' dir='ltr'><strong>verba,</strong></span> <span class='ocrx_word' id='word_1_187' title='bbox 849 2463 964 2545; x_wconf 91' lang='lat' dir='ltr'><strong>quibus</strong></span> <span class='ocrx_word' id='word_1_188' title='bbox 986 2463 1121 2528; x_wconf 84' lang='lat' dir='ltr'><strong>allectus</strong></span> <span class='ocrx_word' id='word_1_189' title='bbox 1143 2463 1242 2528; x_wconf 91' lang='lat' dir='ltr'><strong>animi</strong></span> <span class='ocrx_word' id='word_1_190' title='bbox 1264 2461 1474 2547; x_wconf 84' lang='lat' dir='ltr'><strong>significatur,</strong></span> <span class='ocrx_word' id='word_1_191' title='bbox 1496 2481 1517 2526; x_wconf 92' lang='lat' dir='ltr'><strong>a</strong></span> <span class='ocrx_word' id='word_1_192' title='bbox 1539 2461 1663 2527; x_wconf 89' lang='lat' dir='ltr'><strong>Seneca</strong></span> <span class='ocrx_word' id='word_1_193' title='bbox 1684 2459 1859 2527; x_wconf 89' lang='lat' dir='ltr'><strong>secundnm</strong></span> 
     </span>
     <span class='ocr_line' id='line_1_19' title="bbox 278 2580 1860 2667; baseline 0 -23"><span class='ocrx_word' id='word_1_194' title='bbox 278 2580 540 2647; x_wconf 90' lang='lat' dir='ltr'><strong>cousuetudinem</strong></span> <span class='ocrx_word' id='word_1_195' title='bbox 579 2588 746 2667; x_wconf 90' lang='lat' dir='ltr'><strong>poetarum</strong></span> <span class='ocrx_word' id='word_1_196' title='bbox 780 2603 850 2648; x_wconf 94' lang='lat' dir='ltr'><strong>cnm</strong></span> <span class='ocrx_word' id='word_1_197' title='bbox 884 2583 1068 2648; x_wconf 85' lang='lat' dir='ltr'><strong>accusativo</strong></span> <span class='ocrx_word' id='word_1_198' title='bbox 1102 2582 1346 2666; x_wconf 83' lang='lat' dir='ltr'><strong>conjunguntur.</strong></span> <span class='ocrx_word' id='word_1_199' title='bbox 1403 2583 1486 2647; x_wconf 91' lang='lat' dir='ltr'><strong>Nam</strong></span> <span class='ocrx_word' id='word_1_200' title='bbox 1519 2588 1649 2666; x_wconf 89' lang='lat' dir='ltr'><strong>praeter</strong></span> <span class='ocrx_word' id='word_1_201' title='bbox 1682 2599 1741 2664; x_wconf 90' lang='lat' dir='ltr'><strong>ea,</strong></span> <span class='ocrx_word' id='word_1_202' title='bbox 1776 2597 1860 2662; x_wconf 91' lang='lat' dir='ltr'><strong>quae</strong></span> 
     </span>
     <span class='ocr_line' id='line_1_20' title="bbox 278 2699 1859 2787; baseline 0 -23"><span class='ocrx_word' id='word_1_203' title='bbox 278 2718 298 2764; x_wconf 89' lang='lat' dir='ltr'><strong>a</strong></span> <span class='ocrx_word' id='word_1_204' title='bbox 314 2699 469 2765; x_wconf 82' lang='lat' dir='ltr'><strong>Cicerone</strong></span> <span class='ocrx_word' id='word_1_205' title='bbox 486 2699 621 2784; x_wconf 89' lang='lat' dir='ltr'><strong>ejusque</strong></span> <span class='ocrx_word' id='word_1_206' title='bbox 642 2701 832 2785; x_wconf 88' lang='lat' dir='ltr'><strong>aequalibus</strong></span> <span class='ocrx_word' id='word_1_207' title='bbox 848 2702 894 2768; x_wconf 91' lang='lat' dir='ltr'><strong>sic</strong></span> <span class='ocrx_word' id='word_1_208' title='bbox 915 2708 1120 2786; x_wconf 84' lang='lat' dir='ltr'><strong>usurpantur,</strong></span> <span class='ocrx_word' id='word_1_209' title='bbox 1136 2702 1225 2768; x_wconf 85' lang='lat' dir='ltr'><strong>velut</strong></span> <span class='ocrx_word' id='word_1_210' title='bbox 1246 2701 1470 2767; x_wconf 89' lang='lat' dir='ltr'><strong>formidare</strong></span> <span class='ocrx_word' id='word_1_211' title='bbox 1488 2700 1560 2786; x_wconf 82' lang='lat' dir='ltr'><strong>(Ep.</strong></span> <span class='ocrx_word' id='word_1_212' title='bbox 1572 2701 1624 2787; x_wconf 78' lang='lat'><strong>50,</strong></span> <span class='ocrx_word' id='word_1_213' title='bbox 1633 2700 1677 2786; x_wconf 87' lang='lat'><strong>9),</strong></span> <span class='ocrx_word' id='word_1_214' title='bbox 1699 2717 1859 2784; x_wconf 85' lang='lat' dir='ltr'><strong>gemere</strong></span> 
     </span>
     <span class='ocr_line' id='line_1_21' title="bbox 274 2817 1857 2907; baseline 0 -24"><span class='ocrx_word' id='word_1_215' title='bbox 274 2817 372 2904; x_wconf 85' lang='lat' dir='ltr'><strong>(Dial.</strong></span> <span class='ocrx_word' id='word_1_216' title='bbox 395 2819 454 2905; x_wconf 90' lang='lat' dir='ltr'><strong>IX,</strong></span> <span class='ocrx_word' id='word_1_217' title='bbox 477 2820 505 2906; x_wconf 94' lang='grc'><strong>7,</strong></span> <span class='ocrx_word' id='word_1_218' title='bbox 527 2819 569 2906; x_wconf 87' lang='lat'><strong>6),</strong></span> <span class='ocrx_word' id='word_1_219' title='bbox 591 2819 766 2886; x_wconf 90' lang='lat' dir='ltr'><strong>horrere</strong></span> <span class='ocrx_word' id='word_1_220' title='bbox 788 2821 886 2906; x_wconf 89' lang='lat' dir='ltr'><strong>(Dial.</strong></span> <span class='ocrx_word' id='word_1_221' title='bbox 909 2822 983 2905; x_wconf 87' lang='lat' dir='ltr'><strong>XII,</strong></span> <span class='ocrx_word' id='word_1_222' title='bbox 1002 2821 1031 2904; x_wconf 88' lang='lat'><strong>3,</strong></span> <span class='ocrx_word' id='word_1_223' title='bbox 1047 2825 1072 2887; x_wconf 90' lang='lat'><strong>1.</strong></span> <span class='ocrx_word' id='word_1_224' title='bbox 1094 2823 1153 2907; x_wconf 81' lang='lat' dir='ltr'><strong>Ep.</strong></span> <span class='ocrx_word' id='word_1_225' title='bbox 1174 2823 1226 2906; x_wconf 85' lang='grc'><strong>48,</strong></span> <span class='ocrx_word' id='word_1_226' title='bbox 1239 2824 1266 2887; x_wconf 93' lang='grc'><strong>7.</strong></span> <span class='ocrx_word' id='word_1_227' title='bbox 1289 2822 1401 2902; x_wconf 79' lang='grc'><strong>75,17.</strong></span> <span class='ocrx_word' id='word_1_228' title='bbox 1426 2820 1539 2904; x_wconf 74' lang='grc'>8215.</span> <span class='ocrx_word' id='word_1_229' title='bbox 1562 2821 1614 2905; x_wconf 82' lang='grc'><strong>95,</strong></span> <span class='ocrx_word' id='word_1_230' title='bbox 1628 2819 1690 2906; x_wconf 91' lang='grc'><strong>70),</strong></span> <span class='ocrx_word' id='word_1_231' title='bbox 1712 2820 1857 2903; x_wconf 85' lang='lat' dir='ltr'><strong>lugere</strong></span> 
     </span>
     <span class='ocr_line' id='line_1_22' title="bbox 275 2937 1854 3027; baseline -0.001 -24"><span class='ocrx_word' id='word_1_232' title='bbox 275 2938 329 3023; x_wconf 91' lang='lat' dir='ltr'><strong>(D.</strong></span> <span class='ocrx_word' id='word_1_233' title='bbox 343 2939 463 3023; x_wconf 61' lang='grc'><strong>7126,</strong></span> <span class='ocrx_word' id='word_1_234' title='bbox 482 2939 527 3024; x_wconf 85' lang='grc'><strong>3),</strong></span> <span class='ocrx_word' id='word_1_235' title='bbox 551 2940 667 3022; x_wconf 89' lang='lat' dir='ltr'><strong>queri</strong></span> <span class='ocrx_word' id='word_1_236' title='bbox 689 2940 742 3026; x_wconf 92' lang='lat' dir='ltr'><strong>(D.</strong></span> <span class='ocrx_word' id='word_1_237' title='bbox 766 2941 807 3023; x_wconf 95' lang='lat' dir='ltr'><strong>ll,</strong></span> <span class='ocrx_word' id='word_1_238' title='bbox 832 2944 881 3025; x_wconf 85' lang='lat'><strong>10,</strong></span> <span class='ocrx_word' id='word_1_239' title='bbox 908 2942 939 3027; x_wconf 90' lang='lat' dir='ltr'><strong>l)</strong></span> <span class='ocrx_word' id='word_1_240' title='bbox 961 2941 1042 3007; x_wconf 90' lang='lat' dir='ltr'><strong>hacc</strong></span> <span class='ocrx_word' id='word_1_241' title='bbox 1063 2940 1130 3007; x_wconf 92' lang='lat' dir='ltr'><strong>fere</strong></span> <span class='ocrx_word' id='word_1_242' title='bbox 1153 2940 1374 3008; x_wconf 86' lang='lat' dir='ltr'><strong>inveniuntur:</strong></span> <span class='ocrx_word' id='word_1_243' title='bbox 1397 2939 1715 3006; x_wconf 90' lang='lat' dir='ltr'><strong>contremiscere</strong></span> <span class='ocrx_word' id='word_1_244' title='bbox 1737 2937 1795 3023; x_wconf 79' lang='lat' dir='ltr'><strong>Ep.¹</strong></span> <span class='ocrx_word' id='word_1_245' title='bbox 1811 2938 1854 3003; x_wconf 84' lang='lat'><strong>65</strong></span> 
     </span>
     <span class='ocr_line' id='line_1_23' title="bbox 276 3057 1856 3145; baseline -0.001 -23"><span class='ocrx_word' id='word_1_246' title='bbox 276 3058 557 3124; x_wconf 86' lang='lat' dir='ltr'><strong>contremiscamus</strong></span> <span class='ocrx_word' id='word_1_247' title='bbox 587 3058 747 3144; x_wconf 90' lang='lat' dir='ltr'><strong>injuriam,</strong></span> <span class='ocrx_word' id='word_1_248' title='bbox 775 3059 956 3145; x_wconf 86' lang='lat' dir='ltr'><strong>(Horatium</strong></span> <span class='ocrx_word' id='word_1_249' title='bbox 985 3060 1127 3126; x_wconf 89' lang='lat' dir='ltr'><strong>imitatus</strong></span> <span class='ocrx_word' id='word_1_250' title='bbox 1150 3079 1222 3126; x_wconf 88' lang='lat' dir='ltr'><strong>esse</strong></span> <span class='ocrx_word' id='word_1_251' title='bbox 1244 3059 1373 3126; x_wconf 89' lang='lat' dir='ltr'><strong>videtur</strong></span> <span class='ocrx_word' id='word_1_252' title='bbox 1395 3061 1528 3143; x_wconf 87' lang='lat' dir='ltr'><strong>Seneca,</strong></span> <span class='ocrx_word' id='word_1_253' title='bbox 1551 3065 1679 3145; x_wconf 89' lang='lat' dir='ltr'><strong>praeter</strong></span> <span class='ocrx_word' id='word_1_254' title='bbox 1702 3057 1734 3126; x_wconf 92' lang='lat' dir='ltr'><strong>S.</strong></span> <span class='ocrx_word' id='word_1_255' title='bbox 1759 3057 1856 3122; x_wconf 85' lang='lat' dir='ltr'><strong>etiarn</strong></span> 
     </span>
     <span class='ocr_line' id='line_1_24' title="bbox 275 3175 1858 3265; baseline -0.001 -23"><span class='ocrx_word' id='word_1_256' title='bbox 275 3175 422 3243; x_wconf 89' lang='lat' dir='ltr'><strong>Justinus</strong></span> <span class='ocrx_word' id='word_1_257' title='bbox 444 3197 470 3244; x_wconf 93' lang='lat' dir='ltr'><strong>c.</strong></span> <span class='ocrx_word' id='word_1_258' title='bbox 494 3198 559 3245; x_wconf 88' lang='lat' dir='ltr'><strong>acc.</strong></span> <span class='ocrx_word' id='word_1_259' title='bbox 578 3177 712 3264; x_wconf 83' lang='lat' dir='ltr'><strong>junxit),</strong></span> <span class='ocrx_word' id='word_1_260' title='bbox 734 3199 1016 3265; x_wconf 84' lang='lat' dir='ltr'><strong>expavescere</strong></span> <span class='ocrx_word' id='word_1_261' title='bbox 1041 3179 1124 3247; x_wconf 90' lang='lat' dir='ltr'><strong>Dial.</strong></span> <span class='ocrx_word' id='word_1_262' title='bbox 1139 3181 1164 3264; x_wconf 95' lang='lat' dir='ltr'><strong>l,</strong></span> <span class='ocrx_word' id='word_1_263' title='bbox 1186 3181 1217 3265; x_wconf 89' lang='grc'><strong>4,</strong></span> <span class='ocrx_word' id='word_1_264' title='bbox 1239 3181 1268 3245; x_wconf 88' lang='grc'><strong>6.</strong></span> <span class='ocrx_word' id='word_1_265' title='bbox 1295 3181 1353 3265; x_wconf 81' lang='lat' dir='ltr'><strong>Ep.</strong></span> <span class='ocrx_word' id='word_1_266' title='bbox 1374 3181 1426 3264; x_wconf 87' lang='grc'><strong>94,</strong></span> <span class='ocrx_word' id='word_1_267' title='bbox 1443 3181 1470 3245; x_wconf 89' lang='grc'><strong>7.</strong></span> <span class='ocrx_word' id='word_1_268' title='bbox 1494 3181 1565 3264; x_wconf 87' lang='grc'><strong>107,</strong></span> <span class='ocrx_word' id='word_1_269' title='bbox 1586 3182 1617 3263; x_wconf 89' lang='lat'><strong>4,</strong></span> <span class='ocrx_word' id='word_1_270' title='bbox 1640 3177 1798 3263; x_wconf 87' lang='lat' dir='ltr'><strong>(Horatio,</strong></span> <span class='ocrx_word' id='word_1_271' title='bbox 1821 3181 1858 3241; x_wconf 91' lang='lat' dir='ltr'><strong>ut</strong></span> 
     </span>
     <span class='ocr_line' id='line_1_25' title="bbox 276 3295 1858 3384; baseline 0.001 -24"><span class='ocrx_word' id='word_1_272' title='bbox 276 3295 418 3381; x_wconf 79' lang='lat' dir='ltr'><strong>videtur,</strong></span> <span class='ocrx_word' id='word_1_273' title='bbox 452 3304 582 3364; x_wconf 91' lang='lat' dir='ltr'><strong>auctore</strong></span> <span class='ocrx_word' id='word_1_274' title='bbox 611 3305 740 3384; x_wconf 91' lang='lat' dir='ltr'><strong>praeter</strong></span> <span class='ocrx_word' id='word_1_275' title='bbox 763 3297 874 3365; x_wconf 90' lang='lat' dir='ltr'><strong>Scncc.</strong></span> <span class='ocrx_word' id='word_1_276' title='bbox 897 3299 1020 3365; x_wconf 87' lang='lat' dir='ltr'><strong>Plinius</strong></span> <span class='ocrx_word' id='word_1_277' title='bbox 1043 3299 1129 3384; x_wconf 83' lang='lat' dir='ltr'><strong>maj,</strong></span> <span class='ocrx_word' id='word_1_278' title='bbox 1152 3298 1272 3383; x_wconf 79' lang='lat' dir='ltr'><strong>Quint,</strong></span> <span class='ocrx_word' id='word_1_279' title='bbox 1294 3297 1424 3366; x_wconf 89' lang='lat' dir='ltr'><strong>Sueton.</strong></span> <span class='ocrx_word' id='word_1_280' title='bbox 1449 3319 1515 3365; x_wconf 90' lang='lat' dir='ltr'><strong>acc.</strong></span> <span class='ocrx_word' id='word_1_281' title='bbox 1539 3319 1611 3364; x_wconf 93' lang='lat' dir='ltr'><strong>cum</strong></span> <span class='ocrx_word' id='word_1_282' title='bbox 1632 3298 1663 3363; x_wconf 92' lang='lat' dir='ltr'><strong>b.</strong></span> <span class='ocrx_word' id='word_1_283' title='bbox 1684 3317 1713 3363; x_wconf 87' lang='lat' dir='ltr'><strong>v.</strong></span> <span class='ocrx_word' id='word_1_284' title='bbox 1736 3295 1858 3380; x_wconf 81' lang='lat' dir='ltr'><strong>junxe-</strong></span> 
     </span>
     <span class='ocr_line' id='line_1_26' title="bbox 276 3413 1857 3505; baseline 0.001 -26"><span class='ocrx_word' id='word_1_285' title='bbox 276 3414 373 3501; x_wconf 88' lang='lat' dir='ltr'><strong>runt),</strong></span> <span class='ocrx_word' id='word_1_286' title='bbox 395 3413 595 3483; x_wconf 87' lang='lat' dir='ltr'><strong>fastidire</strong></span> <span class='ocrx_word' id='word_1_287' title='bbox 618 3417 694 3483; x_wconf 91' lang='lat' dir='ltr'>Ben.</span> <span class='ocrx_word' id='word_1_288' title='bbox 717 3419 787 3503; x_wconf 91' lang='lat' dir='ltr'><strong>Vll,</strong></span> <span class='ocrx_word' id='word_1_289' title='bbox 810 3419 861 3502; x_wconf 91' lang='grc'><strong>26,</strong></span> <span class='ocrx_word' id='word_1_290' title='bbox 883 3419 913 3502; x_wconf 88' lang='lat'><strong>5,</strong></span> <span class='ocrx_word' id='word_1_291' title='bbox 935 3419 1046 3504; x_wconf 92' lang='lat' dir='ltr'><strong>(etiam</strong></span> <span class='ocrx_word' id='word_1_292' title='bbox 1068 3419 1180 3485; x_wconf 85' lang='lat' dir='ltr'><strong>Livius</strong></span> <span class='ocrx_word' id='word_1_293' title='bbox 1203 3427 1235 3484; x_wconf 93' lang='lat' dir='ltr'><strong>et</strong></span> <span class='ocrx_word' id='word_1_294' title='bbox 1257 3419 1409 3486; x_wconf 88' lang='lat' dir='ltr'><strong>Horatius</strong></span> <span class='ocrx_word' id='word_1_295' title='bbox 1437 3425 1470 3485; x_wconf 92' lang='lat' dir='ltr'><strong>et</strong></span> <span class='ocrx_word' id='word_1_296' title='bbox 1499 3425 1574 3505; x_wconf 91' lang='lat' dir='ltr'><strong>post</strong></span> <span class='ocrx_word' id='word_1_297' title='bbox 1603 3437 1658 3484; x_wconf 92' lang='lat' dir='ltr'><strong>eos</strong></span> <span class='ocrx_word' id='word_1_298' title='bbox 1688 3416 1778 3482; x_wconf 90' lang='lat' dir='ltr'><strong>multi</strong></span> <span class='ocrx_word' id='word_1_299' title='bbox 1809 3414 1857 3481; x_wconf 91' lang='lat' dir='ltr'><strong>sic</strong></span> 
     </span>
     <span class='ocr_line' id='line_1_27' title="bbox 278 3533 1855 3623; baseline 0.001 -25"><span class='ocrx_word' id='word_1_300' title='bbox 278 3533 308 3600; x_wconf 90' lang='lat' dir='ltr'><strong>b.</strong></span> <span class='ocrx_word' id='word_1_301' title='bbox 323 3554 353 3599; x_wconf 84' lang='lat' dir='ltr'><strong>v.</strong></span> <span class='ocrx_word' id='word_1_302' title='bbox 377 3538 597 3621; x_wconf 82' lang='lat' dir='ltr'><strong>usurparunt),</strong></span> <span class='ocrx_word' id='word_1_303' title='bbox 618 3537 728 3602; x_wconf 83' lang='lat' dir='ltr'><strong>llere</strong></span> <span class='ocrx_word' id='word_1_304' title='bbox 752 3537 836 3604; x_wconf 90' lang='lat' dir='ltr'><strong>Dial.</strong></span> <span class='ocrx_word' id='word_1_305' title='bbox 853 3537 971 3623; x_wconf 64' lang='grc'><strong>7125,</strong></span> <span class='ocrx_word' id='word_1_306' title='bbox 987 3537 1016 3602; x_wconf 85' lang='lat'><strong>3.</strong></span> <span class='ocrx_word' id='word_1_307' title='bbox 1031 3539 1073 3622; x_wconf 92' lang='lat' dir='ltr'><strong>X,</strong></span> <span class='ocrx_word' id='word_1_308' title='bbox 1092 3540 1141 3622; x_wconf 92' lang='grc'><strong>17,</strong></span> <span class='ocrx_word' id='word_1_309' title='bbox 1160 3541 1176 3604; x_wconf 94' lang='grc'>1</span> <span class='ocrx_word' id='word_1_310' title='bbox 1199 3539 1250 3604; x_wconf 81' lang='lat' dir='ltr'><strong>Ab</strong></span> <span class='ocrx_word' id='word_1_311' title='bbox 1272 3537 1333 3604; x_wconf 93' lang='lat' dir='ltr'><strong>hoc</strong></span> <span class='ocrx_word' id='word_1_312' title='bbox 1355 3537 1485 3604; x_wconf 88' lang='lat' dir='ltr'><strong>adfectu</strong></span> <span class='ocrx_word' id='word_1_313' title='bbox 1506 3557 1601 3622; x_wconf 84' lang='lat' dir='ltr'><strong>reges</strong></span> <span class='ocrx_word' id='word_1_314' title='bbox 1623 3556 1714 3603; x_wconf 89' lang='lat' dir='ltr'><strong>suam</strong></span> <span class='ocrx_word' id='word_1_315' title='bbox 1736 3534 1855 3602; x_wconf 89' lang='lat' dir='ltr'><strong>flevere</strong></span> 
     </span>
     <span class='ocr_line' id='line_1_28' title="bbox 278 3654 1861 3743; baseline 0.002 -25"><span class='ocrx_word' id='word_1_316' title='bbox 278 3654 465 3740; x_wconf 89' lang='lat' dir='ltr'><strong>potentiam,</strong></span> <span class='ocrx_word' id='word_1_317' title='bbox 486 3656 659 3740; x_wconf 88' lang='lat' dir='ltr'><strong>gravari</strong></span> <span class='ocrx_word' id='word_1_318' title='bbox 681 3656 766 3723; x_wconf 92' lang='lat' dir='ltr'><strong>Dial.</strong></span> <span class='ocrx_word' id='word_1_319' title='bbox 783 3657 837 3741; x_wconf 91' lang='lat' dir='ltr'><strong>lV,</strong></span> <span class='ocrx_word' id='word_1_320' title='bbox 853 3659 883 3743; x_wconf 82' lang='grc'><strong>8,</strong></span> <span class='ocrx_word' id='word_1_321' title='bbox 901 3658 930 3724; x_wconf 91' lang='grc'><strong>2.</strong></span> <span class='ocrx_word' id='word_1_322' title='bbox 977 3657 1026 3724; x_wconf 90' lang='lat' dir='ltr'><strong>De</strong></span> <span class='ocrx_word' id='word_1_323' title='bbox 1048 3657 1148 3725; x_wconf 81' lang='lat' dir='ltr'><strong>Olcm.</strong></span> <span class='ocrx_word' id='word_1_324' title='bbox 1171 3658 1196 3740; x_wconf 93' lang='lat' dir='ltr'><strong>I,</strong></span> <span class='ocrx_word' id='word_1_325' title='bbox 1221 3660 1270 3743; x_wconf 84' lang='lat'><strong>13,</strong></span> <span class='ocrx_word' id='word_1_326' title='bbox 1296 3661 1311 3723; x_wconf 92' lang='lat'>1</span> <span class='ocrx_word' id='word_1_327' title='bbox 1334 3664 1369 3723; x_wconf 92' lang='lat' dir='ltr'><strong>at</strong></span> <span class='ocrx_word' id='word_1_328' title='bbox 1393 3657 1483 3723; x_wconf 89' lang='lat' dir='ltr'><strong>illum</strong></span> <span class='ocrx_word' id='word_1_329' title='bbox 1504 3656 1654 3723; x_wconf 90' lang='lat' dir='ltr'><strong>acerbum</strong></span> <span class='ocrx_word' id='word_1_330' title='bbox 1677 3661 1710 3722; x_wconf 89' lang='lat' dir='ltr'><strong>et</strong></span> <span class='ocrx_word' id='word_1_331' title='bbox 1731 3654 1861 3739; x_wconf 83' lang='lat' dir='ltr'><strong>sangui-</strong></span> 
     </span>
    </p>
   </div>
   <div class='ocr_carea' id='block_1_5' title="bbox 276 3773 1857 3983">
    <p class='ocr_par' dir='ltr' id='par_1_7' title="bbox 276 3773 1857 3983">
     <span class='ocr_line' id='line_1_29' title="bbox 278 3773 1857 3864; baseline 0.001 -26"><span class='ocrx_word' id='word_1_332' title='bbox 278 3773 403 3840; x_wconf 89' lang='lat' dir='ltr'><strong>narium</strong></span> <span class='ocrx_word' id='word_1_333' title='bbox 432 3793 564 3841; x_wconf 90' lang='lat' dir='ltr'><strong>necesse</strong></span> <span class='ocrx_word' id='word_1_334' title='bbox 594 3780 643 3840; x_wconf 89' lang='lat' dir='ltr'><strong>est</strong></span> <span class='ocrx_word' id='word_1_335' title='bbox 672 3781 846 3859; x_wconf 86' lang='lat' dir='ltr'><strong>graventur</strong></span> <span class='ocrx_word' id='word_1_336' title='bbox 876 3775 1048 3862; x_wconf 88' lang='lat' dir='ltr'><strong>stipatores</strong></span> <span class='ocrx_word' id='word_1_337' title='bbox 1077 3777 1136 3864; x_wconf 91' lang='lat' dir='ltr'><strong>sni,</strong></span> <span class='ocrx_word' id='word_1_338' title='bbox 1163 3777 1306 3863; x_wconf 89' lang='lat' dir='ltr'><strong>(praeter</strong></span> <span class='ocrx_word' id='word_1_339' title='bbox 1335 3775 1410 3844; x_wconf 90' lang='lat' dir='ltr'><strong>Scn.</strong></span> <span class='ocrx_word' id='word_1_340' title='bbox 1442 3777 1555 3845; x_wconf 88' lang='lat' dir='ltr'><strong>Horat.</strong></span> <span class='ocrx_word' id='word_1_341' title='bbox 1587 3781 1620 3842; x_wconf 90' lang='lat' dir='ltr'><strong>et</strong></span> <span class='ocrx_word' id='word_1_342' title='bbox 1649 3776 1780 3842; x_wconf 86' lang='lat' dir='ltr'><strong>Sueten.</strong></span> <span class='ocrx_word' id='word_1_343' title='bbox 1809 3774 1857 3840; x_wconf 91' lang='lat' dir='ltr'><strong>sic</strong></span> 
     </span>
     <span class='ocr_line' id='line_1_30' title="bbox 276 3893 1857 3983; baseline 0.001 -25"><span class='ocrx_word' id='word_1_344' title='bbox 276 3893 373 3959; x_wconf 91' lang='lat' dir='ltr'><strong>locuti</strong></span> <span class='ocrx_word' id='word_1_345' title='bbox 402 3893 499 3980; x_wconf 90' lang='lat' dir='ltr'><strong>sunt).</strong></span> <span class='ocrx_word' id='word_1_346' title='bbox 549 3893 714 3960; x_wconf 91' lang='lat' dir='ltr'><strong>Postremo</strong></span> <span class='ocrx_word' id='word_1_347' title='bbox 741 3894 874 3979; x_wconf 87' lang='lat' dir='ltr'><strong>dignum</strong></span> <span class='ocrx_word' id='word_1_348' title='bbox 905 3895 982 3961; x_wconf 92' lang='lat' dir='ltr'><strong>mibi</strong></span> <span class='ocrx_word' id='word_1_349' title='bbox 1011 3896 1139 3962; x_wconf 87' lang='lat' dir='ltr'><strong>videtur</strong></span> <span class='ocrx_word' id='word_1_350' title='bbox 1168 3915 1257 3983; x_wconf 89' lang='lat' dir='ltr'><strong>esse,</strong></span> <span class='ocrx_word' id='word_1_351' title='bbox 1286 3898 1372 3980; x_wconf 91' lang='lat' dir='ltr'><strong>qnod</strong></span> <span class='ocrx_word' id='word_1_352' title='bbox 1400 3903 1671 3982; x_wconf 91' lang='lat' dir='ltr'><strong>commemoretur,</strong></span> <span class='ocrx_word' id='word_1_353' title='bbox 1700 3895 1857 3961; x_wconf 89' lang='lat' dir='ltr'><strong>Senecam</strong></span> 
     </span>
    </p>
   </div>
   <div class='ocr_carea' id='block_1_6' title="bbox 276 4013 1858 4200">
    <p class='ocr_par' dir='ltr' id='par_1_8' title="bbox 276 4013 1858 4200">
     <span class='ocr_line' id='line_1_31' title="bbox 276 4013 1858 4102; baseline 0.003 -24"><span class='ocrx_word' id='word_1_354' title='bbox 276 4013 509 4096; x_wconf 80' lang='lat' dir='ltr'><strong>gaudendas</strong></span> <span class='ocrx_word' id='word_1_355' title='bbox 538 4015 622 4080; x_wconf 90' lang='lat' dir='ltr'><strong>Dial.</strong></span> <span class='ocrx_word' id='word_1_356' title='bbox 645 4015 687 4099; x_wconf 94' lang='lat' dir='ltr'><strong>ll,</strong></span> <span class='ocrx_word' id='word_1_357' title='bbox 711 4016 760 4099; x_wconf 85' lang='lat'><strong>19,</strong></span> <span class='ocrx_word' id='word_1_358' title='bbox 783 4016 804 4080; x_wconf 94' lang='grc'>2</span> <span class='ocrx_word' id='word_1_359' title='bbox 832 4013 973 4100; x_wconf 81' lang='lat' dir='ltr'><strong>finxisse,</strong></span> <span class='ocrx_word' id='word_1_360' title='bbox 996 4035 1059 4098; x_wconf 90' lang='lat' dir='ltr'><strong>quo</strong></span> <span class='ocrx_word' id='word_1_361' title='bbox 1089 4036 1147 4082; x_wconf 92' lang='lat' dir='ltr'><strong>nec</strong></span> <span class='ocrx_word' id='word_1_362' title='bbox 1177 4024 1253 4083; x_wconf 89' lang='lat' dir='ltr'><strong>ante</strong></span> <span class='ocrx_word' id='word_1_363' title='bbox 1281 4037 1341 4083; x_wconf 92' lang='lat' dir='ltr'><strong>nec</strong></span> <span class='ocrx_word' id='word_1_364' title='bbox 1370 4023 1445 4102; x_wconf 92' lang='lat' dir='ltr'><strong>post</strong></span> <span class='ocrx_word' id='word_1_365' title='bbox 1475 4035 1547 4083; x_wconf 89' lang='lat' dir='ltr'><strong>enm</strong></span> <span class='ocrx_word' id='word_1_366' title='bbox 1580 4016 1750 4100; x_wconf 89' lang='lat' dir='ltr'><strong>quisquam</strong></span> <span class='ocrx_word' id='word_1_367' title='bbox 1781 4034 1858 4082; x_wconf 85' lang='lat' dir='ltr'><strong>usus</strong></span> 
     </span>
     <span class='ocr_line' id='line_1_32' title="bbox 278 4131 508 4200; baseline 0.013 -4"><span class='ocrx_word' id='word_1_368' title='bbox 278 4150 350 4197; x_wconf 88' lang='lat' dir='ltr'><strong>csse</strong></span> <span class='ocrx_word' id='word_1_369' title='bbox 371 4131 508 4200; x_wconf 88' lang='lat' dir='ltr'><strong>videtur.</strong></span> 
     </span>
    </p>
   </div>
   <div class='ocr_carea' id='block_1_7' title="bbox 273 4250 1856 4584">
    <p class='ocr_par' dir='ltr' id='par_1_9' title="bbox 273 4250 1856 4584">
     <span class='ocr_line' id='line_1_33' title="bbox 360 4250 1856 4342; baseline 0.005 -28"><span class='ocrx_word' id='word_1_370' title='bbox 360 4250 487 4334; x_wconf 73' lang='lat' dir='ltr'><strong>agmen</strong></span> <span class='ocrx_word' id='word_1_371' title='bbox 514 4259 632 4338; x_wconf 78' lang='lat' dir='ltr'><strong>cogant</strong></span> <span class='ocrx_word' id='word_1_372' title='bbox 658 4253 725 4320; x_wconf 90' lang='lat' dir='ltr'><strong>alia</strong></span> <span class='ocrx_word' id='word_1_373' title='bbox 751 4255 867 4330; x_wconf 86' lang='lat' dir='ltr'><strong>verba,</strong></span> <span class='ocrx_word' id='word_1_374' title='bbox 896 4273 979 4337; x_wconf 89' lang='lat' dir='ltr'><strong>quae</strong></span> <span class='ocrx_word' id='word_1_375' title='bbox 1007 4253 1132 4322; x_wconf 86' lang='lat' dir='ltr'><strong>Seneca</strong></span> <span class='ocrx_word' id='word_1_376' title='bbox 1160 4255 1307 4342; x_wconf 90' lang='lat' dir='ltr'><strong>inprimis</strong></span> <span class='ocrx_word' id='word_1_377' title='bbox 1336 4262 1506 4342; x_wconf 89' lang='lat' dir='ltr'><strong>poetarum</strong></span> <span class='ocrx_word' id='word_1_378' title='bbox 1536 4255 1728 4322; x_wconf 88' lang='lat' dir='ltr'><strong>auctoritate</strong></span> <span class='ocrx_word' id='word_1_379' title='bbox 1759 4256 1856 4322; x_wconf 89' lang='lat' dir='ltr'><strong>nixus</strong></span> 
     </span>
     <span class='ocr_line' id='line_1_34' title="bbox 275 4370 1856 4461; baseline 0.006 -26"><span class='ocrx_word' id='word_1_380' title='bbox 275 4389 348 4436; x_wconf 93' lang='lat' dir='ltr'><strong>cum</strong></span> <span class='ocrx_word' id='word_1_381' title='bbox 375 4389 442 4437; x_wconf 87' lang='lat' dir='ltr'><strong>acc.</strong></span> <span class='ocrx_word' id='word_1_382' title='bbox 468 4370 588 4455; x_wconf 84' lang='lat' dir='ltr'><strong>junxit</strong></span> <span class='ocrx_word' id='word_1_383' title='bbox 654 4372 737 4440; x_wconf 89' lang='lat' dir='ltr'><strong>Sunt</strong></span> <span class='ocrx_word' id='word_1_384' title='bbox 764 4373 833 4440; x_wconf 86' lang='lat' dir='ltr'><strong>fere</strong></span> <span class='ocrx_word' id='word_1_385' title='bbox 863 4373 964 4441; x_wconf 88' lang='lat' dir='ltr'><strong>haec:</strong></span> <span class='ocrx_word' id='word_1_386' title='bbox 1004 4377 1204 4460; x_wconf 80' lang='lat' dir='ltr'><strong>navigare</strong></span> <span class='ocrx_word' id='word_1_387' title='bbox 1232 4376 1272 4442; x_wconf 88' lang='lat' dir='ltr'><strong>N.</strong></span> <span class='ocrx_word' id='word_1_388' title='bbox 1296 4375 1334 4454; x_wconf 73' lang='lat' dir='ltr'><strong>Q„</strong></span> <span class='ocrx_word' id='word_1_389' title='bbox 1359 4376 1414 4452; x_wconf 89' lang='lat' dir='ltr'><strong>lV,</strong></span> <span class='ocrx_word' id='word_1_390' title='bbox 1435 4377 1466 4461; x_wconf 92' lang='grc'><strong>2,</strong></span> <span class='ocrx_word' id='word_1_391' title='bbox 1488 4377 1531 4442; x_wconf 91' lang='grc'><strong>22</strong></span> <span class='ocrx_word' id='word_1_392' title='bbox 1561 4375 1723 4460; x_wconf 82' lang='lat' dir='ltr'><strong>Navigavi</strong></span> <span class='ocrx_word' id='word_1_393' title='bbox 1745 4376 1856 4444; x_wconf 79' lang='lat' dir='ltr'><strong>atm-</strong></span> 
     </span>
     <span class='ocr_line' id='line_1_35' title="bbox 273 4489 1856 4584; baseline 0.006 -30"><span class='ocrx_word' id='word_1_394' title='bbox 273 4489 372 4556; x_wconf 92' lang='lat' dir='ltr'><strong>ticum</strong></span> <span class='ocrx_word' id='word_1_395' title='bbox 393 4509 491 4577; x_wconf 89' lang='lat' dir='ltr'><strong>mare,</strong></span> <span class='ocrx_word' id='word_1_396' title='bbox 523 4491 601 4576; x_wconf 91' lang='lat' dir='ltr'><strong>(non</strong></span> <span class='ocrx_word' id='word_1_397' title='bbox 630 4492 743 4578; x_wconf 82' lang='lat' dir='ltr'><strong>ignoro</strong></span> <span class='ocrx_word' id='word_1_398' title='bbox 769 4492 917 4561; x_wconf 91' lang='lat' dir='ltr'><strong>similiter</strong></span> <span class='ocrx_word' id='word_1_399' title='bbox 937 4494 1117 4579; x_wconf 79' lang='lat' dir='ltr'><strong>Vergilium</strong></span> <span class='ocrx_word' id='word_1_400' title='bbox 1139 4502 1237 4580; x_wconf 89' lang='lat' dir='ltr'><strong>atque</strong></span> <span class='ocrx_word' id='word_1_401' title='bbox 1260 4497 1359 4563; x_wconf 88' lang='lat' dir='ltr'><strong>etiam</strong></span> <span class='ocrx_word' id='word_1_402' title='bbox 1380 4495 1570 4564; x_wconf 77' lang='lat' dir='ltr'><strong>Ciceronem</strong></span> <span class='ocrx_word' id='word_1_403' title='bbox 1599 4495 1737 4562; x_wconf 88' lang='lat' dir='ltr'><strong>locutum</strong></span> <span class='ocrx_word' id='word_1_404' title='bbox 1759 4495 1856 4584; x_wconf 85' lang='lat' dir='ltr'><strong>esse),</strong></span> 
     </span>
    </p>
   </div>
   <div class='ocr_carea' id='block_1_8' title="bbox 269 4607 1858 4786">
    <p class='ocr_par' dir='ltr' id='par_1_10' title="bbox 269 4607 1858 4786">
     <span class='ocr_line' id='line_1_36' title="bbox 269 4607 1858 4702; baseline 0.006 -28"><span class='ocrx_word' id='word_1_405' title='bbox 269 4607 473 4678; x_wconf 85' lang='lat' dir='ltr'><strong>babitare</strong></span> <span class='ocrx_word' id='word_1_406' title='bbox 506 4611 566 4696; x_wconf 77' lang='lat' dir='ltr'><strong>Ep.</strong></span> <span class='ocrx_word' id='word_1_407' title='bbox 597 4613 648 4696; x_wconf 93' lang='grc'><strong>70,</strong></span> <span class='ocrx_word' id='word_1_408' title='bbox 683 4614 721 4678; x_wconf 92' lang='grc'><strong>11</strong></span> <span class='ocrx_word' id='word_1_409' title='bbox 755 4611 885 4679; x_wconf 92' lang='lat' dir='ltr'><strong>domum</strong></span> <span class='ocrx_word' id='word_1_410' title='bbox 916 4612 1137 4698; x_wconf 88' lang='lat' dir='ltr'><strong>habitaturus,</strong></span> <span class='ocrx_word' id='word_1_411' title='bbox 1170 4613 1273 4702; x_wconf 89' lang='lat' dir='ltr'><strong>(apud</strong></span> <span class='ocrx_word' id='word_1_412' title='bbox 1307 4613 1495 4682; x_wconf 80' lang='lat' dir='ltr'><strong>Ciceronem</strong></span> <span class='ocrx_word' id='word_1_413' title='bbox 1533 4615 1668 4698; x_wconf 87' lang='lat' dir='ltr'><strong>ejusque</strong></span> <span class='ocrx_word' id='word_1_414' title='bbox 1704 4616 1858 4700; x_wconf 88' lang='lat' dir='ltr'><strong>aequales</strong></span> 
     </span>
     <span class='ocr_line' id='line_1_37' title="bbox 1718 4733 1752 4786; baseline 0 0"><span class='ocrx_word' id='word_1_415' title='bbox 1718 4733 1752 4786; x_wconf 79' lang='lat' dir='ltr'><strong>a·</strong></span> 
     </span>
    </p>
   </div>
   <div class='ocr_carea' id='block_1_9' title="bbox 0 0 2294 5557">
    <p class='ocr_par' dir='ltr' id='par_1_11' title="bbox 0 0 2294 5557">
     <span class='ocr_line' id='line_1_38' title="bbox 0 0 2294 5557; baseline 0 0"><span class='ocrx_word' id='word_1_416' title='bbox 0 0 2294 5557; x_wconf 95' lang='lat' dir='ltr'><strong> </strong></span> 
     </span>
    </p>
   </div>
  </div>
 </body>
</html>
