4578 5566
1107 396 1131 462 4

330 579 396 668 (liis
417 579 523 649 verbis
545 579 669 648 Seneca
689 581 774 648 solus
802 601 878 648 usus
909 602 979 649 esus
1009 581 1155 671 ridetur).
1191 581 1474 670 enuntiativae,
1502 581 1776 667 tardiloquus
1799 582 1920 671 (stiam

328 701 409 768 haee
424 699 487 767 duo
508 699 671 785 adjectiva
692 701 779 786 apud
796 699 951 768 Senecam
973 703 1075 770 solum
1096 709 1222 771 exstare
1241 703 1413 790 videntur),
1434 701 1668 769 infrunitus
1682 731 1726 760 =
1742 701 1923 789 insipidus,¹

328 819 600 906 invectitius,
622 820 895 906 perfusorius,
917 841 1076 908 segrcx,
1102 823 1399 892 stomachicus.
1443 821 1686 907 corporalis
1714 828 1752 889 ct
1779 822 1908 890 inccr-

330 939 505 1026 poralis,
541 939 837 1026 rationabilis,
875 939 1170 1028 irrationalis,
1205 943 1505 1027 inconcussus,
1531 940 1817 1028 indubitatus,
1849 942 1910 1007 in·

330 1059 503 1145 efficax,
536 1058 874 1146 inemendabilis,
905 1059 1198 1146 inevitabilis,
1229 1060 1545 1148 inseparabilis.
1597 1059 1759 1139 Quantum
1781 1059 1907 1127 Seneca

329 1177 487 1262 ejusmodi
509 1175 678 1262 adjectivis
702 1176 876 1245 delectatus
897 1179 947 1266 sit,
969 1180 1156 1248 documento
1178 1188 1252 1247 suut
1279 1202 1343 1248 non
1375 1181 1477 1247 solum
1505 1180 1607 1245 multa
1627 1179 1692 1246 alia
1713 1201 1732 1246 e
1753 1179 1910 1265 prioribus

331 1296 527 1383 deprompta,
556 1297 644 1364 velut
671 1297 862 1383 insecabilis,
892 1299 1111 1388 intractabilis,
1143 1299 1416 1386 inexsuperabilis,
1447 1299 1586 1386 illaesus,
1606 1299 1833 1386 inmansuetus,
1855 1299 1913 1365 sed

331 1416 426 1483 etiam
449 1437 497 1502 ea,
530 1435 614 1500 quae
646 1415 733 1501 apud
765 1436 838 1482 eum
860 1418 961 1484 solum
996 1426 1121 1486 exstare
1152 1419 1311 1487 videntur:
1339 1418 1629 1506 inagitabilis,
1659 1416 1923 1504 indefatiga-

329 1535 433 1603 bilis
454 1543 488 1603 et
509 1534 846 1623 indefatigatus,
866 1536 1212 1626 invulnerabilis,
1232 1539 1566 1624 inhonorificus,
1588 1540 1815 1624 inopertus.

412 1654 559 1738 Denique
580 1676 599 1721 e
619 1655 740 1742 verbis,
769 1676 852 1739 quae
872 1657 1044 1724 Boehmius
1064 1659 1200 1744 primum
1220 1681 1242 1726 a
1263 1658 1387 1726 Seneca
1408 1664 1561 1744 usurpata
1589 1664 1714 1745 censet,
1737 1657 1817 1724 haec
1838 1657 1908 1722 sola

328 1777 518 1865 proferenda
534 1783 635 1842 erant:
658 1776 883 1842 cernulare
904 1776 956 1842 vel
978 1797 1196 1866 cernuare,
1218 1778 1432 1865 hospitari,
1454 1777 1636 1862 nepotari
1652 1777 1752 1863 (apud
1767 1777 1905 1842 Plinium

325 1897 489 1982 majorem,
511 1896 566 1980 qui
585 1896 681 1962 etiam
698 1895 795 1962 verbo
810 1895 993 1981 hospitandi
1004 1905 1035 1964 et
1046 1898 1294 1965 converberandi
1316 1898 1421 1982 utitur,
1439 1898 1536 1964 subst.
1559 1903 1726 1982 nepotatus
1747 1925 1791 1953 =
1811 1896 1907 1960 luxus

330 2019 468 2104 exstat),
505 2015 833 2101 converberare,
868 2016 1188 2100 corrotundare,
1224 2017 1429 2101 effocare,
1457 2015 1676 2102 effricare,
1707 2013 1908 2098 obirasci,

327 2137 618 2222 obrigescere,
639 2134 912 2220 obsigillsre,
942 2136 1225 2222 replumbare‚
1248 2139 1498 2222 collatrare,
1520 2136 1786 2220 revilescere,
1815 2134 1907 2199 sub·

325 2255 516 2323 influere
546 2254 698 2341 (Fickert.
720 2261 753 2319 et
774 2253 913 2320 Haasius
934 2254 968 2321 iu
990 2254 1060 2338 ejus
1083 2256 1186 2323 locum
1208 2257 1449 2342 „subterduere“
1480 2256 1729 2340 substituerunt).
1787 2253 1910 2332 Quibus

327 2374 485 2460 quaedam
528 2374 678 2442 addenda
721 2380 826 2460 erant,
869 2374 966 2440 veluti
1006 2377 1247 2463 apologare,
1289 2376 1526 2461 imaginari,
1570 2373 1910 2442 emendicare:

326 2494 536 2562 mendicando
567 2494 752 2578 impetrare,
785 2492 1006 2560 abnoctare
1033 2523 1075 2550 =
1104 2495 1180 2562 foris
1209 2503 1410 2582 pernoctare,
1437 2495 1653 2562 convivere
1675 2491 1909 2560 :convivari

328 2614 464 2703 (Beni,
489 2615 537 2700 12,
563 2613 673 2697 usp.
698 2612 791 2699 104),
819 2613 1046 2680 occallatus
1078 2613 1154 2700 (quo
1183 2613 1305 2682 Seneca
1332 2616 1417 2682 solus
1447 2614 1574 2680 videtur
1603 2633 1679 2679 usus
1708 2633 1778 2680 esse
1806 2611 1846 2676 N.
1869 2609 1909 2689 Q,

329 2735 382 2820 IV,
406 2734 460 2820 13)
482 2733 554 2799 alia

412 2848 583 2919 Boehmius
606 2859 776 2938 postquam
798 2852 882 2919 dixit
904 2853 959 2928 his]
968 2854 1143 2936 vocabulis,
1166 2856 1193 2920 si
1216 2875 1321 2940 pauca
1335 2852 1546 2938 excipiantur,
1565 2861 1599 2918 ut
1614 2853 1802 2935 conlatrare,
1826 2849 1904 2916 effo·

323 2994 407 3059 carc,
436 2972 592 3056 affricare,
621 2979 745 3037 tantum
768 2972 882 3038 abesse
906 2980 940 3038 ut
974 2972 1148 3040 debeamus
1171 2974 1300 3055 offendi,
1332 2981 1365 3038 ut
1400 2973 1511 3056 lingua
1532 2973 1635 3038 latina
1657 2972 1751 3057 copia
1773 2970 1900 3057 aptissi-

324 3113 446 3160 morum
467 3091 638 3158 verborum
657 3091 853 3177 locupletata
875 3091 927 3174 sit,
950 3091 983 3156 in
996 3092 1139 3158 Senecae
1162 3092 1291 3159 dicendi
1313 3111 1431 3177 genere
1454 3092 1535 3157 nihil
1552 3092 1615 3157 nisi
1628 3092 1766 3159 colorem
1778 3091 1907 3157 Cicero-

324 3212 456 3278 nianum
478 3209 655 3277 desiderari
678 3209 813 3294 ejusque
835 3210 934 3276 libros
956 3211 999 3277 ad
1022 3191 1462 3299 imitandum'proponendos
1485 3232 1556 3278 esse
1579 3212 1762 3278 arbitratur.
1798 3209 1902 3289 Quam

326 3352 393 3398 rem
415 3332 510 3413 longe
544 3330 638 3396 aliter
669 3349 705 3395 se
739 3328 858 3395 habere
884 3330 1104 3412 intellexisset,
1140 3333 1167 3398 si
1196 3339 1229 3398 et
1252 3332 1391 3398 indicem
1417 3352 1526 3399 corum
1549 3332 1785 3416 vocabulorum,
1819 3350 1903 3414 quae

322 3450 465 3517 Senecae
487 3453 595 3516 aetate
615 3449 682 3514 alia
703 3455 800 3532 atque
822 3457 918 3514 autea
939 3450 973 3514 vi
994 3449 1144 3535 praedita
1167 3459 1249 3533 sunt,
1280 3451 1435 3518 conficere
1459 3459 1492 3517 et
1514 3452 1548 3516 in
1566 3471 1637 3517 eam
1650 3450 1900 3536 discrepantiam

325 3569 485 3652 inquirere
517 3568 658 3634 animum
692 3567 881 3654 induxisset,
915 3569 1053 3651 quaein
1085 3571 1216 3654 syntaxi
1238 3571 1321 3637 iuter
1350 3571 1473 3656 priores
1495 3571 1668 3656 scriptores
1691 3578 1723 3635 et
1745 3569 1901 3636 Senecam

324 3687 502 3754 intercedit.
549 3688 590 3753 Et
611 3687 762 3770 quoniam
787 3687 864 3752 mihi
886 3688 1084 3773 propositum
1098 3694 1148 3754 est
1170 3689 1255 3755 infra
1277 3690 1457 3775 ostendere,
1479 3688 1558 3774 quid
1581 3689 1743 3756 Senecae
1765 3688 1906 3773 priorum

322 3807 446 3873 ratione
467 3808 637 3872 verborum
659 3805 954 3890 conjungendorum
977 3809 1158 3891 mutaverit,
1190 3808 1343 3875 hocloco
1366 3809 1446 3875 satis
1470 3809 1573 3875 habeo
1605 3827 1726 3894 paucas
1755 3827 1851 3874 voces
1873 3813 1908 3871 ct

323 3926 500 3991 locutiones
522 3925 648 4008 afferre,
672 3925 787 4008 quibus
810 3925 847 4009 is,
878 3926 932 4009 qui
956 3927 1098 4010 priorum
1120 3933 1153 3994 ct
1175 3928 1312 3994 maxime
1336 3927 1500 3994 Ciceronis
1530 3928 1621 3995 libris
1644 3927 1790 4012 legendis
1811 3927 1907 3992 tritas

322 4065 418 4112 aures
441 4044 547 4129 babet,
569 4065 633 4109 non
656 4052 763 4130 potest
784 4065 847 4110 non
870 4045 1000 4112 offendi.
1058 4045 1225 4129 Ejusmodi
1254 4047 1333 4112 mibi
1356 4047 1437 4113 baec
1464 4047 1616 4114 videntur
1637 4066 1725 4115 esse:
1757 4046 1904 4131 „panis

322 4164 466 4247 siccus,
482 4163 546 4248 (cui
563 4164 705 4228 italicum
727 4183 812 4249 pauc
828 4183 920 4230 seeco
936 4171 969 4229 et
991 4171 1134 4230 nostrum
1157 4169 1290 4236 troctas.
1307 4169 1373 4233 sitsi
1391 4167 1477 4232 Brod
1499 4165 1693 4252 respondet),
1717 4164 1906 4249 (beneficia)

325 4281 532 4349 hauddubie
565 4282 719 4367 primae
753 4282 885 4349 sortis
907 4283 980 4370 (Ep.
1002 4284 1054 4368 36,
1075 4282 1121 4370 5),
1154 4285 1319 4369 egregium
1349 4285 1409 4352 hoc
1440 4305 1575 4370 quoque,
1609 4284 1669 4352 sed
1691 4284 1900 4352 secundae

323 4401 453 4469 sortis
475 4401 640 4485 ingenium
660 4401 733 4488 (Ep.
758 4401 809 4484 52,
832 4403 877 4488 3),
911 4423 975 4470 non
1005 4422 1106 4486 usque
1135 4423 1174 4470 eo
1208 4404 1246 4470 iu
1267 4404 1582 4490 possessionem
1611 4403 1740 4487 generis
1770 4403 1902 4469 humani

322 4521 403 4587 vitia
425 4528 626 4587 venerunt
648 4520 748 4605 (Dial.
770 4522 796 4607 I,
820 4522 927 4606 3,12),
950 4522 991 4586 in
1013 4523 1280 4607 possessione
1302 4530 1367 4590 est
1389 4523 1499 4609 (D.Il,
1519 4524 1549 4607 5,
1565 4524 1610 4609 5),
1632 4523 1665 4587 in
1684 4521 1780 4608 hujus
1791 4521 1903 4608 gandii

323 4641 527 4726 possessione
550 4659 621 4709 esse
642 4646 675 4708 te
704 4640 778 4707 volo
799 4640 870 4727 (Ep.
893 4641 944 4726 23,
966 4643 987 4704 4
1019 4639 1082 4709 cfr.
1108 4641 1165 4728 llp.
1188 4643 1241 4726 50,
1265 4642 1307 4730 7),
1336 4661 1409 4709 cum
1432 4661 1467 4709 se
1490 4642 1528 4708 in
1549 4642 1821 4728 possessione
1842 4661 1903 4726 pc-
