4578 5566
1067 433 1090 498 3

291 621 382 689 lexic.
414 619 578 688 Porcellin.
622 619 853 705 examinarem,
892 617 1103 686 animadverti
1133 619 1296 706 complura
1327 617 1398 702 jam
1429 616 1515 704 apud
1549 617 1669 704 priores
1704 617 1874 704 scriptores

291 740 434 808 inveniri.
478 738 600 818 Quibus
621 738 778 824 exemptis
800 757 882 822 quae
912 737 999 824 apud
1022 735 1175 805 Senecam
1197 737 1332 824 primum
1358 745 1484 804 exstare
1512 736 1656 823 putanda
1677 743 1767 823 sunt,
1790 737 1871 805 baec

289 859 357 928 iere
379 866 468 927 snut:
494 857 714 925 Substantlva:
747 856 969 943 arietatio,
991 856 1234 943 fulguratio,
1256 857 1510 943 fulminatio,
1535 855 1599 940 (bis
1622 856 1723 922 tribus
1747 855 1870 924 Seneca

287 980 373 1048 solus
395 997 472 1044 usus
496 997 565 1044 esse
586 975 735 1063 videtur),
755 975 1013 1062 evaporatio,
1035 975 1288 1063 alucinatio,
1310 976 1601 1062 murmuratio,
1629 974 1874 1064 offensatio,

291 1097 569 1184 circumlitio,
591 1094 990 1181 comperendinatio,
1016 1095 1263 1181 praestatio,
1286 1093 1513 1181 scrutatio,
1536 1096 1711 1183 sparsio,
1733 1103 1874 1163 vecta-

290 1219 366 1306 tio,
395 1216 634 1284 intentatio.
679 1215 777 1300 (Num
813 1215 862 1281 his
886 1214 979 1281 iu-io
1001 1214 1187 1281 cadentibus
1208 1214 1371 1282 vocabulis
1394 1213 1459 1279 alia
1480 1213 1787 1301 adiciendasuerint,
1809 1235 1873 1281 non
1909 1271 1913 1283 .

288 1345 374 1406 certo
396 1337 471 1423 scio,
492 1335 649 1419 siquidem
670 1334 749 1400 mibi
771 1335 866 1400 etiam
888 1354 945 1420 per
966 1335 1026 1401 boo
1047 1335 1184 1419 spatium
1201 1342 1351 1400 semestre
1374 1333 1482 1399 multis
1504 1335 1639 1420 negotiis
1661 1334 1804 1401 districto
1827 1333 1870 1400 ad

286 1457 323 1524 id
352 1453 610 1543 perserutandum
639 1461 762 1539 tempus
791 1453 899 1521 deluit.
965 1453 1067 1532 Quam
1094 1453 1134 1522 ob
1164 1473 1231 1520 rem
1253 1453 1331 1519 satis
1360 1453 1463 1519 babeo
1488 1473 1586 1518 unum
1615 1453 1719 1519 locum
1748 1453 1874 1539 afferre,

288 1597 330 1644 ex
360 1595 423 1660 quo
449 1581 582 1659 apparet
604 1572 757 1640 Senecam
786 1573 956 1640 mnodum
989 1572 1172 1657 ejusmodi
1201 1571 1307 1639 verbis
1338 1572 1530 1639 delectatum
1563 1593 1650 1657 esse,
1678 1573 1736 1658 llp.
1759 1574 1809 1659 94,
1831 1574 1874 1638 39

290 1701 322 1762 et
353 1693 583 1760 consolationes
624 1713 709 1777 nega
739 1693 890 1778 proficere
920 1692 1197 1776 dissuasionesque
1226 1700 1257 1757 ct
1291 1690 1528 1758 adhortationes
1561 1699 1594 1757 et
1633 1691 1872 1777 objurgationes

290 1821 322 1882 et
344 1813 551 1879 laudationes.
596 1810 711 1877 Omnia
729 1812 792 1878 ista
811 1811 1017 1878 monitionum
1041 1831 1161 1898 genera
1182 1811 1276 1897 sunt).
1319 1811 1575 1895 Nauseator,
1597 1811 1783 1897 vomitor,
1804 1811 1875 1876 im·

290 1939 472 2020 putator,
503 1933 593 2016 (baec
620 1931 683 1996 tria
711 1930 797 2016 apud
817 1932 920 1997 solum
942 1930 1097 1998 Senecam
1120 1937 1246 1997 exstme
1266 1930 1444 2018 videntur),
1474 1929 1687 2016 aculeator,
1718 1936 1874 1996 tracta-

289 2062 359 2120 tor.
403 2052 462 2117 His
484 2052 549 2118 alia
570 2049 719 2118 addenda
738 2051 873 2137 luerunt,
895 2058 930 2117 ut
951 2050 1121 2137 adrisor,
1144 2052 1320 2118 adrosor.
1369 2049 1641 2135 „Bctularius,
1664 2051 1871 2116 crustula-

294 2173 392 2257 rius,
432 2171 638 2257 pararius,
673 2170 919 2257 pausarius,
957 2170 1238 2237 effractarins“
1281 2170 1330 2236 bis
1363 2169 1511 2236 in-arius
1547 2169 1734 2236 cadentibus
1767 2169 1872 2236 verbis

292 2294 416 2357 Seneca
437 2291 521 2356 solus
544 2308 620 2355 usus
641 2309 714 2356 esse
735 2289 870 2377 videtur,
904 2288 990 2374 quod
1010 2289 1095 2356 idem
1116 2290 1150 2355 in
1180 2290 1259 2356 baec
1288 2289 1351 2355 duo
1383 2287 1498 2355 cadere
1528 2287 1673 2356 videtur:
1698 2289 1874 2373 Lingua-

291 2411 409 2496 rium,
430 2408 713 2476 conciliatura.
755 2409 1035 2494 Displicentia.
1068 2409 1499 2493 Breviorinm(l⁴]p.39,
1526 2411 1539 2472 l
1565 2408 1653 2494 baec,
1681 2427 1869 2491 quaenuuc
1958 2429 1962 2440 ·

290 2530 385 2615 volgo
406 2529 596 2596 breviarium
619 2527 748 2614 dieitur,
779 2529 853 2594 olim
876 2548 948 2594 cum
969 2528 1068 2594 latine
1090 2528 1302 2614 loqueremur,
1333 2526 1539 2594 summarium
1561 2527 1755 2615 vocabatur.)
1789 2527 1876 2592 Ful-

292 2655 454 2735 getrum.
488 2648 717 2733 Lucifuga,
739 2669 788 2735 ae,
810 2648 911 2734 (apud
931 2645 1114 2715 Ciceronem
1136 2649 1296 2734 lucifugos
1318 2647 1443 2732 exstat).
1478 2645 1746 2731 Opertorium.
1786 2647 1877 2713 Pili-

291 2789 445 2853 erepus
482 2797 525 2825 =
557 2767 613 2851 qui
647 2768 713 2852 pila
750 2766 841 2852 ludit,
873 2767 946 2854 (boc
981 2767 1169 2833 vocabulum
1203 2766 1299 2833 etiam
1331 2767 1366 2833 in
1397 2765 1655 2851 inscriptionibus
1692 2766 1875 2852 invenitur).

294 2887 530 2955 Samiorbis.
582 2886 887 2973 Duramentum,
922 2886 1207 2972 initiamenta,
1242 2906 1366 2973 orum,
1387 2886 1450 2972 (ap.
1474 2884 1547 2952 Seu.
1570 2887 1671 2952 solum
1694 2887 1876 2973 invenitur),

292 3007 553 3093 piamentum.
589 3005 809 3093 Seductus,
830 3026 892 3092 us,
924 3005 1195 3092 (Dia1.1x,3,2
1228 3005 1283 3072 ubi
1307 3013 1413 3072 tamon
1443 3027 1505 3072 non
1538 3007 1591 3092 „in
1620 3005 1780 3092 seductu“,
1817 3005 1875 3073 scd

292 3126 344 3211 „iu
366 3125 513 3192 seducto“
531 3125 606 3210 jure
628 3125 661 3190 in
683 3125 909 3193 recentioribus
926 3124 1116 3193 editionibus
1132 3125 1302 3212 scribitur),
1325 3125 1555 3213 dispectus,
1578 3145 1624 3212 us,
1646 3125 1697 3211 (D.
1711 3125 1764 3212 IV,
1785 3127 1876 3212 10,1,

293 3245 350 3330 Ep.
368 3247 411 3310 94
424 3266 474 3330 m,
505 3246 562 3330 Ep.
577 3247 638 3311 199
654 3247 730 3312 extr'.
764 3245 833 3311 Hoc
849 3245 1036 3311 vocabulum
1059 3244 1145 3328 apud
1167 3245 1240 3311 Seu.
1261 3245 1363 3311 solurn
1385 3245 1521 3310 inveniri
1537 3244 1682 3330 videtur.)
1714 3245 1875 3312 Balneo

294 3364 390 3450 lum,
412 3365 643 3451 civitatula,
666 3363 907 3431 deliciolum
939 3362 1040 3447 (apud
1071 3363 1255 3430 Ciceronem
1288 3364 1512 3431 deliciolae
1535 3367 1662 3449 exstat),
1689 3363 1878 3449 disputa-

293 3483 499 3570 tiuncula,
520 3483 831 3568 punctiuncula,
852 3483 1241 3569 procuratiuncula,
1264 3484 1609 3569 nummulariolus,
1634 3483 1726 3567 (baec
1742 3483 1876 3549 diminu-

293 3603 360 3669 tiva
381 3621 483 3688 paene
513 3603 619 3668 omnia
649 3599 814 3668 aSeneca
836 3603 902 3669 solo
931 3602 1145 3688 usurpantur).
1178 3601 1419 3687 Adjectivaz
1461 3602 1692 3669 Blattarius
1718 3603 1750 3690 (i.
1779 3622 1806 3669 e.
1836 3601 1879 3669 ad

294 3721 427 3788 blattam
456 3721 624 3806 pertinens.
667 3721 739 3788 Seu.
761 3720 819 3806 Ep.
840 3723 884 3787 86
904 3722 948 3787 At
975 3740 1059 3788 nuno
1091 3720 1242 3787 blattaria
1270 3727 1385 3788 vocant
1414 3721 1536 3788 balnea
1580 3722 1661 3788 Plin.
1689 3721 1765 3806 maj.
1794 3745 1876 3790 oom-

293 3846 445 3906 memorat
468 3840 597 3906 herbam
620 3840 781 3923 quandam
802 3841 982 3907 blattariam
993 3840 1113 3906 Romae
1134 3841 1264 3927 vocari),
1286 3841 1581 3908 elementarius
1601 3841 1673 3928 (Ep.
1684 3845 1726 3910 36
1742 3844 1877 3910 elemen-

295 3959 394 4025 tarius
405 3978 502 4025 senex
515 3959 535 4025 i.
551 3979 578 4026 e.
598 3959 652 4043 qui
668 3960 771 4045 prima
785 3959 948 4026 literarum
963 3960 1119 4025 elementa
1133 3959 1240 4045 discit)
1261 3961 1344 4026 latr
1354 3981 1375 4025 u
1384 3981 1404 4025 n
1413 3981 1431 4027 c
1440 3961 1600 4028 ularius
1612 3961 1668 4048 (ad
1681 3963 1874 4030 latrunculos

296 4077 315 4142 i.
337 4096 364 4143 e.
379 4079 518 4162 calculos
536 4079 668 4145 lusorios
680 4078 848 4163 pertinens.
871 4076 967 4163 Apud
981 4079 1083 4144 solum
1099 4076 1253 4145 Senecam
1265 4085 1393 4146 exstare
1405 4079 1554 4166 videtur),
1576 4082 1879 4170 quaestuarius,

295 4196 568 4264 refractarios
590 4197 648 4284 (=
656 4203 833 4264 contumax.
860 4197 956 4283 Apud
967 4197 1068 4264 solum
1081 4196 1232 4265 Senecam
1243 4199 1421 4285 iuvenitur;
1442 4199 1519 4266 inde
1535 4199 1706 4266 deductum
1723 4207 1773 4268 est
1788 4222 1879 4268 voca·

295 4314 403 4380 bulum
425 4315 567 4384 italicum
589 4315 787 4402 refrattario).
829 4315 1174 4384 Nauseabundus
1196 4347 1240 4375 =
1260 4337 1382 4385 nausea
1403 4319 1516 4405 plenus
1538 4325 1570 4386 et
1591 4320 1878 4406 reptabundus

292 4459 338 4494 ε
358 4433 492 4500 multum
513 4441 651 4522 raptam,
674 4437 768 4521 (baec
789 4435 853 4502 duo
874 4435 1030 4503 vocabula
1051 4435 1137 4521 apud
1160 4434 1232 4503 Son.
1254 4439 1357 4504 solum
1382 4429 1593 4506 inveniuntur.
1636 4439 1752 4508 Vocab.
1774 4440 1878 4526 lapsa·

296 4551 431 4638 bundns,
449 4553 542 4638 anns
556 4555 686 4624 Boebnr.
697 4555 886 4622 mentionem
902 4553 989 4640 facit,
999 4553 1075 4639 jure
1089 4555 1123 4621 in
1137 4561 1252 4622 recent.
1269 4555 1458 4624 editionibus
1473 4557 1506 4623 in
1521 4558 1711 4645 „laxabunt‘
1724 4565 1880 4627 mutatum

294 4669 369 4759 est)
407 4671 602 4762 Gulosus,
623 4673 933 4762 superciliosus
962 4671 1172 4762 Soccatus,
1188 4674 1503 4764 indepravatus,
1524 4677 1881 4764 superadoruatus

1726 4799 1758 4851 1·
