4578 5566
1160 412 1181 476 2

373 617 397 664 a
414 597 537 665 Seneca
559 598 601 664 ad
616 599 751 664 Paulum
773 598 951 683 apostolum
973 604 1005 663 et
1026 617 1052 662 a
1067 596 1168 662 Paulo
1191 596 1234 664 ad
1253 595 1409 664 Senecam
1434 595 1550 662 missae
1571 617 1592 662 a
1613 596 1752 680 quodam
1773 595 1866 664 lictae
1888 597 1963 685 sint,

373 717 489 802 quibus
511 717 656 802 quamvis
677 717 793 802 ineptis
814 717 848 782 id
870 721 955 782 certe
977 722 1143 801 acceptum
1165 717 1337 802 relerimus,
1360 716 1445 800 quod
1460 714 1602 783 Senecae
1624 716 1780 801 epistulae
1802 717 1959 784 adLuci-

370 837 449 902 lium
470 837 583 902 melius
605 843 751 904 servatae
774 843 864 921 suut,
893 840 926 902 et
947 855 1003 902 cur
1031 833 1139 902 media
1160 841 1264 903 aetate
1288 835 1429 902 Senecae
1451 835 1522 901 libri
1544 835 1752 902 hbentissime
1781 837 1857 904 lecti
1891 837 1955 903 sint

373 975 573 1040 magnusque
596 955 741 1022 codicum
762 974 913 1020 uumerus
935 952 1089 1039 exstet.*)

456 1073 583 1140 Deinde
604 1073 774 1140 Boehmius
797 1071 950 1138 Senecam
974 1072 1118 1140 defendit
1139 1072 1180 1138 ab
1202 1072 1265 1158 eis,
1298 1073 1353 1157 qui
1376 1093 1448 1140 eum
1471 1080 1714 1160 accusaverunt,
1746 1073 1832 1158 quod
1862 1075 1958 1140 nimis

371 1194 472 1260 multa
494 1192 620 1259 Graeca
640 1193 796 1258 voeabula
826 1193 860 1257 iu
888 1211 979 1257 usum
1006 1212 1099 1257 strum
1121 1193 1335 1258 convertisset.
1380 1191 1482 1271 Quam
1511 1193 1545 1258 in
1566 1213 1633 1258 rem
1655 1193 1746 1259 affert
1774 1213 1829 1260 eas
1851 1214 1958 1279 voces,

369 1333 453 1396 quae
475 1333 553 1378 sane
575 1333 638 1377 uon
659 1312 706 1376 ita
726 1312 845 1378 multae
867 1316 954 1377 suut:
977 1311 1192 1397 arithmetica,
1215 1311 1396 1396 antipodes,
1419 1312 1560 1398 asthma,
1583 1313 1835 1398 astrapoplecta,
1858 1320 1953 1378 astro

366 1432 483 1518 nomia,
504 1431 638 1517 alogiae,
654 1431 828 1516 chasmate,
843 1430 1000 1516 chiragra,
1015 1430 1174 1516 Cerastae,
1196 1451 1331 1516 ceroma,
1346 1430 1546 1516 cathedrarii,
1575 1431 1671 1516 hiera,
1699 1431 1953 1516 chirographum,

366 1551 573 1636 chlamydati,
590 1550 706 1636 chriae,
722 1548 900 1634 clepsydra,
918 1548 1046 1634 dialogi,
1059 1549 1240 1635 diplomata,
1256 1549 1464 1616 diadumenos
1479 1557 1511 1614 et
1526 1550 1732 1635 doryphoros,
1748 1550 1953 1636 ergastulum,

368 1675 510 1754 ectypas,
540 1669 715 1754 historicus,
743 1674 937 1754 geometres,
959 1668 1155 1756 geometria,
1190 1669 1424 1754 grammaticus,
1453 1669 1636 1754 graphium,
1666 1670 1842 1754 gymnicus,
1873 1669 1956 1754 halo,

368 1788 490 1873 haphe,
525 1787 715 1872 hypocrisis,
739 1788 927 1873 hyperbole,
959 1787 1046 1874 idea,
1075 1787 1242 1854 malacisso
1274 1792 1327 1872 (ex
1350 1787 1494 1854 codicum
1516 1788 1702 1854 auctoritate
1731 1787 1900 1854 Fickertus
1925 1795 1955 1853 et

364 1907 504 1973 Haasius
526 1906 726 1993 „malaxare“
750 1906 947 1992 ediderunt),
980 1906 1125 1992 malacia,
1149 1907 1345 1992 lychnobius,
1376 1907 1549 1990 opsonium,
1579 1906 1823 1993 paedagogium,
1845 1914 1954 1992 panto-

368 2026 491 2111 mimus,
527 2026 729 2111 pautomima,
751 2026 1002 2111 pantomimieus,
1025 2025 1233 2111 podagricus,
1254 2026 1408 2110 poeticus,
1431 2026 1598 2111 parabola,
1621 2027 1758 2111 paieha,
1779 2027 1954 2110 phrenesis,

368 2145 557 2232 phrenetici,
579 2145 731 2231 phthisis,
763 2151 1021 2230 progymnastes,
1043 2151 1227 2230 proxeneta,
1261 2145 1503 2230 pseudomeuos,
1535 2144 1767 2229 psyclrr·oluteS,
1797 2153 1952 2230 sagmata,

365 2266 442 2349 sela,
464 2272 605 2350 stemma,
628 2266 738 2350 stylus,
762 2265 1037 2349 sphaeromachia.
1082 2263 1205 2342 Quibus
1228 2265 1397 2329 nonnullae
1426 2264 1509 2329 aliae
1532 2262 1700 2328 addendae
1733 2271 1832 2348 eraut,
1854 2264 1953 2328 veluti

366 2385 478 2470 pyxis,
507 2384 699 2450 naumachia
727 2383 799 2470 (Ep.
825 2387 873 2468 10,
903 2385 959 2468 26)
988 2382 1178 2474 epitonium,
1211 2383 1361 2468 scyphus
1414 2383 1487 2448 Jam
1518 2403 1594 2446 vero
1630 2381 1798 2448 Boehmius
1829 2389 1953 2448 seuten-
1997 2357 2000 2364 ¹

367 2504 444 2570 tiam
476 2523 583 2570 eorum
618 2503 743 2589 uolutat,
777 2503 831 2585 qui
865 2502 1020 2568 Senecam
1052 2507 1160 2568 vetera
1192 2502 1285 2568 nimis
1319 2507 1472 2567 sectatum
1502 2520 1572 2566 esse
1603 2508 1732 2566 censent
1761 2507 1793 2566 et
1820 2501 1854 2566 in
1884 2522 1955 2568 eam

366 2644 432 2689 rem
455 2623 545 2710 affert
565 2623 668 2689 locum
690 2643 730 2688 ex
745 2623 803 2708 Ep.
830 2624 891 2689 104
913 2622 1123 2707 desumptum,
1146 2643 1186 2687 ex
1209 2642 1271 2704 quo
1294 2620 1513 2706 cognoscimus
1525 2619 1596 2704 jam
1612 2621 1710 2686 multo
1726 2627 1799 2686 ante
1815 2619 1953 2686 Gellium

365 2749 507 2808 veterum
525 2750 696 2809 sectatores
709 2743 829 2808 Romae
851 2741 1027 2808 exstitisse:
1049 2740 1160 2826 „Multi
1182 2761 1222 2806 ex
1244 2741 1349 2806 alieno
1372 2740 1499 2805 saeculo
1522 2746 1633 2823 petunt
1654 2739 1761 2825 verba,
1783 2739 1950 2805 duodecim

367 2861 492 2926 tabulas
516 2863 700 2946 loquuntur;
724 2861 887 2926 Gracchus
909 2862 973 2926 illis
995 2868 1026 2926 et
1049 2861 1182 2926 Crassus
1205 2867 1237 2924 et
1259 2859 1353 2924 Carrio
1376 2859 1469 2923 nimis
1491 2857 1567 2923 culti
1589 2866 1621 2924 et
1642 2866 1783 2926 recentes
1806 2866 1888 2944 sunt,
1911 2859 1953 2924 ad

365 2981 504 3066 Appium
526 3001 625 3065 usque
647 2986 679 3046 et
709 2980 750 3046 ad
773 2981 992 3048 Coruncanum
1022 2979 1183 3046 redeunt“.
1227 2979 1268 3043 Et
1296 2997 1374 3044 saue
1397 2976 1520 3043 Seneca
1547 2996 1588 3042 ex
1613 2977 1752 3062 priomm
1781 2977 1869 3043 libris
1903 2977 1949 3042 sie

364 3099 510 3166 hausisse
541 3100 700 3184 putandus
733 3106 798 3186 est,
829 3107 863 3164 ut
892 3122 955 3166 uon
984 3120 1078 3164 unam
1109 3105 1245 3164 aetatem
1277 3097 1368 3164 alteri
1395 3096 1581 3182 praeterret,
1608 3095 1671 3162 uisi
1698 3096 1779 3161 forte
1808 3102 1948 3162 statuere

366 3199 516 3286 debemus
544 3239 615 3285 eum
647 3239 687 3286 eu
716 3220 817 3304 poetis
839 3223 1023 3304 Augusteae
1053 3217 1186 3302 aetatis,
1217 3215 1389 3302 aquibus,
1418 3222 1452 3281 ut
1473 3215 1557 3281 inl'ra
1588 3215 1786 3301 docebimus,
1818 3216 1950 3280 multum

367 3339 492 3424 pendet,
515 3339 723 3424 pluraquam
746 3360 787 3406 ex
810 3338 882 3404 aliis
904 3337 1109 3422 scriptoribus
1132 3335 1372 3421 deprompsisse.

451 3459 612 3525 Postremo
638 3458 808 3526 Boehmius
845 3457 983 3524 iudicem
1015 3475 1123 3523 eorum
1159 3453 1326 3521 verborum
1360 3453 1486 3540 profert,
1521 3473 1604 3538 quae
1641 3455 1693 3520 vel
1721 3477 1739 3519 e
1768 3451 1954 3538 quotidiano

365 3577 592 3644 consuetudine
622 3578 809 3664 deprompta
841 3579 893 3643 vel
922 3577 963 3642 ab
999 3577 1060 3642 alio
1094 3574 1180 3640 illius
1212 3573 1333 3640 saeculi
1360 3573 1513 3659 scriptore
1550 3573 1603 3640 vel
1643 3573 1684 3638 ab
1711 3573 1780 3658 ipso
1819 3573 1956 3639 lormata

365 3695 452 3782 apud
472 3695 626 3764 Senecam
648 3697 784 3782 primum
811 3696 1099 3781 deprehenduntur.
1143 3693 1245 3778 Cujus
1275 3693 1390 3760 indicis
1413 3693 1540 3778 singula
1561 3693 1661 3759 verba
1683 3712 1754 3758 eum
1777 3691 1951 3758 secundum

363 3969 539 4023 admiuitione
557 3975 604 4023 aut
621 3968 782 4022 coercitione
800 3984 849 4022 uos
867 3968 1020 4036 castigatos,
1039 3982 1099 4021 cum
1116 3965 1163 4019 illo
1181 3965 1240 4034 ipso
1257 3970 1378 4034 tempore
1395 3978 1544 4032 peccemus,
1562 3963 1634 4032 quod
1652 3961 1782 4016 adicimus
1799 3961 1952 4016 malefactis

362 4055 548 4123 adrogantiam
558 4061 585 4108 et
594 4053 797 4108 contumaciam
825 4053 890 4121 Quis
909 4059 951 4107 est
968 4053 1028 4120 iste,
1047 4051 1092 4120 qui
1111 4067 1140 4106 se
1158 4051 1299 4119 profitetur
1316 4049 1440 4103 omnibus
1458 4048 1562 4116 legibus
1579 4049 1771 4102 innocentem?
1795 4054 1824 4100 ut
1841 4048 1892 4102 hoc
1909 4048 1949 4101 ita

362 4141 406 4207 sit,
425 4155 504 4208 quam
522 4147 636 4207 angusta
654 4139 808 4192 innocentia
826 4147 868 4192 est
890 4138 925 4192 ad
944 4138 1029 4205 legem
1053 4138 1152 4190 bouum
1171 4137 1247 4190 esse?
1275 4143 1374 4204 quanto
1398 4134 1478 4188 latius
1501 4133 1652 4187 officiorum
1675 4139 1752 4202 patet
1775 4147 1854 4201 quarn
1878 4132 1948 4201 juris

364 4227 476 4293 regula?
494 4241 574 4294 qnam
591 4225 676 4278 multa
693 4224 789 4292 pietas,
808 4223 971 4290 humanitas,
996 4221 1153 4288 liberalitas,
1178 4221 1298 4290 justitia,
1316 4219 1384 4274 tides
1402 4219 1520 4288 exigunt,
1538 4233 1607 4288 quae
1625 4218 1717 4272 omnia
1735 4225 1812 4272 extra
1828 4217 1954 4286 publicas

363 4311 471 4365 tabulas
488 4311 568 4365 suut?
585 4309 637 4364 Sed
655 4325 689 4362 ne
707 4309 742 4364 ad
760 4309 834 4362 illam
847 4307 955 4377 quidem
972 4308 1137 4362 artissimam
1155 4306 1326 4361 innocentiae
1344 4305 1487 4359 formulam
1497 4310 1637 4374 praestare
1656 4319 1705 4358 nos
1723 4319 1877 4372 possumus:
1896 4303 1951 4357 alia

362 4396 487 4464 lecimus,
505 4395 559 4450 alia
576 4394 764 4463 cogitavimus,
792 4394 846 4448 alia
864 4393 1027 4462 optavimus,
1046 4393 1107 4446 aliis
1129 4392 1256 4459 lavimus,
1275 4391 1303 4445 iu
1321 4390 1483 4459 quibusdam
1504 4390 1663 4443 innocentes
1686 4405 1791 4456 sumus,
1814 4388 1950 4458 quianon

361 4481 499 4537 suecessit.
534 4479 593 4535 Hoc
611 4480 760 4548 cogitantes
779 4479 920 4548 aequiores
939 4479 1024 4532 simus
1042 4477 1266 4546 delinquentibus,
1285 4475 1425 4531 credamus
1443 4475 1647 4545 objurgantibus
1666 4479 1693 4528 et
1710 4491 1734 4543 q.
1753 4490 1773 4529 s.

432 4586 457 4651 ²)
475 4583 551 4640 Unus
570 4598 585 4637 e
601 4581 769 4648 melioribus,
792 4597 845 4650 quo
862 4595 925 4650 pars
952 4579 1128 4649 epistularum
1150 4578 1309 4646 continetur,
1332 4577 1513 4648 Argentomti,
1538 4577 1584 4632 ubi
1601 4577 1803 4643 asservabatur,
1825 4575 1955 4631 incendio
1982 4583 1986 4598 ·

362 4669 416 4737 illo,
434 4670 498 4725 dum
515 4669 580 4724 mbs
598 4673 775 4738 oppugnatur,
794 4673 886 4723 exorto
905 4671 995 4720 utrum
1013 4663 1076 4733 igue
1093 4665 1198 4720 deletus
1216 4680 1252 4722 au
1269 4671 1391 4720 servatus
1409 4663 1453 4731 sit,
1471 4662 1571 4718 nescio.
