4578 5566
1158 363 1201 428 32

383 551 575 636 (11114,
601 553 617 616 l
642 570 699 616 ceu
722 571 793 616 cum
804 551 867 639 —),
897 551 1009 617 sicut
1037 547 1288 635 (1101122,
1314 555 1326 614 1
1374 548 1531 628 Quoniam
1563 555 1686 616 constat
1715 556 1882 636 utramque
1908 572 1974 617 rem

385 671 514 756 igneam
549 690 629 755 esse,
662 669 838 755 videamus,
870 669 1136 760 quemadmodum
1158 668 1242 756 ignis
1264 667 1333 734 fieri
1354 669 1456 735 soleat
1476 668 1564 754 apud
1587 688 1699 735 100-
1712 670 1835 737 duobus
1859 669 1975 737 modis:

386 809 457 874 uno,
486 789 513 855 si
543 789 700 856 excitatur
727 789 808 856 sieut
836 809 875 854 ex
909 789 1025 876 lapide,
1053 788 1163 874 altero,
1190 789 1216 853 si
1246 787 1365 854 adtritu
1386 788 1554 874 invenitur,
1583 788 1665 854 sicut
1695 808 1766 855 cum
1799 790 1861 856 duo
1884 790 1974 875 ligna

385 909 467 975 inter
484 928 519 975 se
535 908 654 974 diutius
676 908 770 974 fricta
791 916 878 993 sunt,
901 929 963 974 non
985 907 1086 974 omnis
1104 907 1163 974 lroc
1179 906 1237 973 tibi
1253 906 1385 972 materia
1400 907 1583 993 praestabit,
1606 907 1664 973 sed
1678 907 1794 975 idonea
1809 908 1974 975 eliciendis

385 1027 523 1114 ignibus,
552 1028 634 1094 sicut
659 1028 776 1111 laurus,
808 1028 947 1094 hederae
976 1034 1008 1094 et
1037 1027 1102 1094 alia
1129 1027 1163 1092 in
1186 1027 1268 1093 hunc
1298 1047 1390 1092 usum
1411 1028 1492 1111 {nota
1520 1026 1728 1113 pastoribus),
1766 1034 1974 1110 tamquam

385 1146 457 1233 (Ep.
481 1149 532 1233 82,
561 1151 630 1233 10),
659 1154 762 1233 puta
791 1147 861 1232 (Ep.
891 1149 947 1232 90,
971 1148 1010 1213 31
1043 1167 1104 1232 ego
1132 1167 1190 1213 nec
1218 1146 1444 1212 Anarcharsim
1474 1153 1635 1213 auctorem
1664 1145 1763 1230 hujus
1796 1147 1842 1212 rei
1874 1145 1974 1234 [rotae

384 1265 486 1354 figuli]
517 1267 615 1332 fuisse
643 1265 798 1332 contendo
820 1271 863 1351 et,
891 1266 919 1332 si
942 1265 1018 1351 suit,
1045 1265 1174 1350 sapiens
1206 1265 1335 1348 quidem
1363 1265 1423 1331 hoc
1452 1265 1590 1350 invenit,
1621 1265 1678 1332 sed
1713 1287 1777 1332 non
1811 1274 1974 1348 tamquam

384 1386 521 1470 sapiens,
550 1385 632 1451 sicut
652 1386 753 1450 multa
775 1385 935 1470 sapientes
964 1385 1094 1472 faciunt,
1125 1405 1189 1467 qua
1222 1385 1363 1450 homines
1395 1391 1477 1471 sunt,
1507 1407 1569 1452 non
1597 1405 1661 1468 qua
1684 1385 1863 1471 sapientes:
1893 1393 1971 1470 puta

385 1504 618 1570 velocissimum
640 1523 709 1570 esse
731 1504 923 1589 sapientem:
960 1523 1054 1570 cursu
1076 1525 1184 1570 omnes
1206 1504 1348 1590 anteibit,
1383 1525 1448 1588 qua
1470 1505 1564 1570 velox
1587 1512 1643 1590 est,
1667 1525 1728 1570 non
1752 1525 1816 1588 qua
1837 1504 1975 1590 sapiens,

385 1631 427 1689 ut
450 1631 551 1708 puta
574 1624 627 1708 (N.
645 1621 681 1701 Q
698 1623 739 1709 ΙΙ,
755 1627 784 1709 2,
800 1625 827 1688 3.
851 1623 910 1708 llp.
925 1625 976 1709 47,
997 1625 1034 1688 15
1072 1623 1177 1709 Erras,
1199 1623 1226 1689 si
1250 1624 1414 1688 existimas
1435 1643 1484 1690 me
1509 1623 1661 1706 quosdam
1680 1625 1771 1707 quasi
1787 1623 1972 1689 sordidioris

383 1764 502 1828 operae
532 1743 739 1828 rejecturum,
769 1751 804 1809 ut
831 1751 908 1828 puta
937 1743 1026 1807 illum
1055 1743 1223 1808 mulionem
1257 1751 1288 1808 ct
1316 1743 1404 1808 illum
1433 1743 1630 1830 bubulcum),
1664 1763 1764 1810 ecce
1787 1743 1857 1828 (Ep.
1879 1744 1971 1828 58,7

384 1863 473 1948 Rogo
501 1862 610 1944 itaque
637 1863 802 1948 permittas
835 1861 911 1926 mihi
944 1862 1002 1928 hoc
1033 1861 1127 1928 verbo
1165 1855 1297 1948 [orbiu]
1328 1863 1387 1947 uti;
1421 1861 1626 1929 nihilominus
1656 1862 1739 1927 dabo
1768 1881 1907 1946 operam,
1938 1869 1974 1926 ut

381 1981 438 2066 jus
472 2003 492 2046 a
522 1987 554 2046 te
591 1982 699 2047 datum
732 1980 916 2066 parcissime
951 2001 1133 2046 exerceam:
1166 1981 1300 2047 tortasse
1327 1988 1492 2048 contentus
1529 2002 1582 2048 ero
1614 1981 1691 2046 mihi
1723 1981 1826 2047 licere.
1888 1979 1973 2059 Quid

386 2100 525 2185 proderit
547 2099 684 2167 facilitas
706 2108 771 2186 tua,
793 2120 864 2166 curn
887 2119 962 2166 ecce
982 2099 1016 2164 id
1038 2100 1125 2166 nullo
1147 2100 1239 2166 modo
1261 2099 1360 2166 latine
1383 2101 1560 2185 exprimere
1584 2101 1711 2186 possim,
1734 2107 1863 2186 propter
1885 2099 1970 2182 quod

386 2221 515 2305 linguae
537 2227 664 2286 nostrae
687 2218 864 2286 convicium
886 2218 948 2284 feci
970 2217 1021 2307 [cd
1046 2214 1107 2306 1111.
1151 2220 1208 2305 Ep.
1232 2223 1282 2306 59,
1306 2223 1324 2284 7
1355 2219 1499 2285 Sextium
1529 2239 1604 2286 ecce
1631 2241 1702 2286 cum
1725 2219 1863 2286 maxime
1886 2220 1973 2304 lego,

385 2340 518 2426 111190,
552 2341 594 2406 20
636 2338 826 2404 Incredibile
857 2345 914 2423 est,
951 2338 995 2403 mi
1023 2338 1140 2423 Lucili,
1183 2359 1277 2422 quam
1305 2339 1400 2406 facilc
1429 2339 1524 2405 ctiam
1553 2359 1686 2425 magnos
1717 2339 1801 2405 viros
1838 2339 1973 2406 dulcedo

386 2458 539 2525 orationis
562 2458 700 2524 abducat
723 2479 743 2522 a
763 2478 855 2523 vcro:
877 2477 951 2524 ecce
972 2457 1349 2524 Posidonius-textrini
1371 2478 1497 2542 quoque
1514 2464 1615 2524 artem
1637 2479 1657 2523 a
1679 2459 1876 2542 sapientibus
1892 2459 1974 2524 dixit

386 2579 568 2664 inventam).
595 2577 632 2642 In
654 2584 836 2642 transcursu
860 2589 970 2643 moneo
992 2563 1087 2642 barbo
1109 2567 1218 2662 „dcce‘
1235 2575 1388 2644 Senecam
1403 2577 1490 2643 haud
1513 2577 1623 2663 paucis
1645 2577 1722 2643 locis
1744 2577 1801 2662 uti,
1822 2577 1972 2660 equibus

387 2697 466 2764 duos
487 2697 598 2763 afferre
614 2697 691 2762 satis
714 2697 822 2781 habeo,
845 2696 1032 2781 Ep.22,13,
1055 2697 1109 2761 ubi
1126 2695 1248 2762 Seneca
1270 2696 1347 2763 dicit
1369 2697 1569 2764 adiciendam
1591 2696 1748 2782 epistulae
1770 2716 1840 2762 esse
1862 2716 1973 2762 uocem

384 2817 454 2882 sive
477 2817 663 2882 sententiam
686 2815 839 2901 sapientis
860 2814 999 2898 alicujus
1021 2815 1080 2880 viri
1103 2825 1135 2880 et
1157 2816 1274 2900 pergit:
1315 2823 1347 2882 01
1377 2816 1512 2883 occurrit
1540 2814 1616 2880 mihi
1640 2835 1715 2882 ecce
1735 2815 1843 2882 nescio
1866 2823 1969 2881 111111

387 2936 492 3002 verior
520 2957 561 3001 an
590 2936 784 3018 eloquentior
812 2943 843 3001 01
873 2933 955 2999 Dial.
979 2935 1052 3020 XII,
1082 2936 1111 3020 9,
1138 2935 1167 3021 8,
1194 2935 1249 2999 ubi
1272 2941 1440 3019 postquam
1469 2934 1550 3000 dixit
1578 2933 1747 3000 Gaesarem
1784 2955 1841 3019 per
1869 2955 1969 3001 annos

387 3055 497 3122 decem
521 3054 1122 3141 continuoscaruissepatria,pe1·git:
1155 3073 1238 3120 nunc
1270 3073 1344 3120 ecce
1376 3053 1473 3119 trahit
1502 3053 1592 3118 illum
1621 3043 1663 3118 ad
1685 3052 1971 3132 00111110010011-

388 3176 492 3260 gentis
516 3176 589 3241 belli
612 3174 704 3240 minis
726 3175 823 3260 plena
846 3181 877 3240 01
899 3194 928 3257 q.
953 3194 976 3239 s.

472 3294 596 3377 Reliqui
618 3300 691 3360 sunt
713 3294 834 3376 aliquot
855 3292 925 3378 loci,
952 3293 1066 3376 quibus
1097 3291 1220 3358 Seneca
1249 3291 1422 3377 particulas
1451 3298 1483 3357 et
1512 3291 1665 3357 adverbia
1694 3292 1745 3358 vel
1777 3291 1888 3358 eadem
1918 3293 1971 3358 vel

387 3420 542 3499 cognatae
570 3412 810 3498 significationis
838 3413 1038 3478 consociavit.
1089 3409 1161 3489 Qua
1190 3431 1223 3476 re
1249 3411 1353 3476 minus
1384 3409 1561 3477 offendetur
1590 3411 1627 3493 10,
1659 3411 1712 3495 qui
1742 3430 1850 3476 secum
1878 3431 1971 3496 repu-

386 3533 501 3598 taverit
531 3533 718 3617 procedente
748 3539 887 3615 tempore
918 3531 981 3596 uim
1010 3531 1175 3597 verborum
1207 3531 1303 3595 nrinui
1326 3538 1422 3613 atque
1443 3530 1616 3596 extenuari.
1654 3529 1746 3607 Quod
1769 3537 1804 3594 ut
1825 3530 1971 3615 exemplo

387 3652 545 3718 declarem
575 3651 751 3737 „infinitus“
786 3670 842 3734 pro
866 3669 1027 3736 maguus
1056 3649 1184 3734 saepius
1214 3671 1235 3714 a
1257 3649 1381 3716 Seneca
1403 3657 1581 3734 usurpatur.
1627 3649 1689 3715 Oti.
1713 3649 1971 3735 1101.11,27,3

386 3778 421 3836 ut
451 3770 595 3838 flammae
624 3770 745 3836 infinito
775 3769 876 3836 acrior
899 3769 956 3854 vis,
983 3787 1045 3851 quo
1076 3789 1116 3834 ex
1148 3768 1268 3852 majore
1297 3767 1443 3834 incendio
1467 3770 1597 3853 emicat;
1632 3769 1687 3836 ct'r.
1711 3767 1786 3834 Bcn.
1810 3768 1868 3854 ΠΙ,
1890 3771 1920 3853 9,
1941 3769 1970 3834 3.

387 3891 434 3956 Ac
464 3889 582 3956 modo
612 3889 788 3974 duplicavit
822 3888 904 3954 Dial
935 3888 976 3973 X,
1007 3891 1053 3973 18,
1086 3891 1107 3953 ὃ
1141 3897 1173 3952 01
1205 3885 1342 3973 Ι).’1ΙΠ,
1373 3890 1401 3974 2,
1434 3891 1454 3954 5
1495 3887 1602 3973 (modo
1639 3888 1731 3953 modo
1763 3889 1797 3952 in
1827 3887 1972 3956 eumdem

385 4009 507 4094 sinum,
547 4030 588 4074 ex
623 4029 684 4092 quo
713 4016 778 4074 tres
810 4015 939 4093 nepotes
968 4007 1137 4092 emiseras,
1176 4027 1249 4073 ossa
1283 4007 1378 4072 trium
1412 4012 1561 4092 nepotum
1595 4007 1751 4091 recepisti.
1795 4007 1972 4094 Fickertus,

387 4128 442 4212 qui
477 4127 622 4211 quamvis
656 4128 739 4194 hanc
773 4127 937 4193 lectionem
972 4125 1082 4210 optimi
1117 4126 1234 4192 codicis
1266 4123 1535 4213 [Mediolanensis]
1570 4126 1603 4191 in
1637 4133 1758 4192 textum
1795 4147 1857 4192 non
1886 4146 1973 4193 rece·

387 4247 483 4332 perit,
516 4253 623 4312 tamen
652 4267 722 4313 eam
753 4246 904 4332 probans,
937 4252 1099 4329 comparat
1133 4265 1205 4312 cum
1237 4243 1395 4332 jamjam).
1440 4243 1547 4323 Quid?
1582 4246 1668 4329 quod
1699 4245 1794 4312 etiam
1823 4244 1971 4311 deinde

387 4373 420 4431 et
449 4373 545 4433 tune
571 4366 629 4452 Ep.
653 4369 702 4452 14,
723 4367 767 4432 25
794 4372 826 4431 01
852 4363 910 4450 Ep.
938 4365 1006 4451 117,
1036 4371 1052 4429 1
1088 4363 1253 4448 conjunxit
1286 4365 1435 4450 (Primum
1469 4385 1635 4450 exponam,
1667 4363 1744 4448 quid
1778 4362 1893 4432 Stoicis
1928 4364 1972 4430 vi·

387 4485 512 4568 deatur;
545 4484 698 4552 deinde
727 4491 826 4550 tunc
860 4484 966 4550 dicere
998 4483 1187 4550 sententiam
1221 4482 1352 4549 audebo.
1405 4483 1577 4550 Praeterea
1599 4483 1725 4550 etiam
1748 4491 1780 4552 et
1810 4502 1972 4568 quoque

380 4603 492 4688 junxit
526 4605 563 4670 N.
587 4603 671 4690 ul,
699 4605 729 4690 3,
761 4605 781 4670 9
822 4603 882 4670 sed
913 4603 1009 4670 etiam
1041 4602 1075 4668 in
1112 4603 1161 4669 bis
1196 4623 1321 4687 quoque
1355 4608 1388 4669 at
1420 4601 1496 4669 Ben.
1519 4602 1574 4689 IV,
1599 4605 1648 4688 11,
1682 4605 1702 4668 2
1737 4603 1814 4670 velit
1845 4623 1972 4688 quoque
