4578 5566
440 1641 525 1776 De
569 1641 631 1776 L.
678 1639 917 1776 Annaei
960 1640 1218 1777 Senecae
1261 1680 1487 1815 genere
1531 1638 1783 1776 dicendi.

419 2016 694 2103 Circumspicienti
729 2015 807 2082 mihi
843 2015 1024 2102 materiam,
1068 2037 1164 2101 quam
1200 2015 1234 2081 iu
1272 2015 1332 2083 hoe
1368 2015 1475 2083 libello
1512 2013 1710 2082 tractandam
1746 1995 1906 2102 eligerem,

325 2137 447 2222 injecta
468 2143 516 2204 est
538 2135 696 2222 cupiditas
717 2135 761 2202 ad
782 2155 854 2202 eam
875 2135 1051 2204 litterarum
1072 2135 1274 2220 antiquarum
1295 2141 1417 2221 partem
1438 2134 1603 2222 redeundi,
1624 2133 1667 2200 ad
1689 2154 1784 2219 quam
1799 2134 1908 2219 expla-

326 2255 466 2322 nandam
488 2255 612 2322 duabus
635 2255 747 2322 eadem
762 2251 921 2322 scribendi
942 2256 1108 2324 occasione
1128 2254 1280 2323 contectis
1302 2253 1615 2323 commentationibus
1630 2274 1758 2340 operam
1780 2253 1907 2319 navari.

327 2375 369 2442 Et
390 2374 539 2460 quoniam
561 2375 662 2441 altera
682 2375 716 2440 iu
738 2375 920 2442 universnm
941 2375 982 2442 de
995 2374 1186 2460 discrimine,
1208 2374 1293 2459 quod
1307 2375 1390 2441 inter
1404 2393 1522 2440 aureae
1543 2379 1576 2440 et
1597 2380 1770 2459 argenteae
1790 2369 1906 2439 aetatis

326 2494 585 2563 consuetudinem
600 2494 727 2562 dicendi
743 2494 919 2581 intercedit,
941 2495 1111 2581 disputavi,
1133 2493 1344 2561 alteraPlinii
1364 2493 1495 2578 majoris
1513 2493 1664 2578 loquendi
1686 2513 1787 2579 genus
1809 2493 1904 2578 paulo

314 2615 504 2682 :accuratius
525 2614 714 2702 examinavi,
735 2634 821 2682 nnnc
842 2614 882 2681 de
904 2614 1048 2698 aequalis
1070 2613 1212 2680 Senecae
1233 2611 1413 2699 philosophi
1434 2612 1561 2681 dicendi
1583 2631 1701 2698 genere
1722 2591 1833 2697 paucis
1855 2631 1908 2677 ex·

326 2754 443 2820 ponere
459 2735 598 2800 animum
612 2734 732 2801 induxi.
774 2733 843 2800 Nec
858 2739 964 2800 tamen
978 2752 1030 2799 me
1044 2733 1136 2819 fugit,
1158 2752 1254 2817 quam
1265 2731 1395 2799 difficile
1411 2752 1490 2818 opus
1503 2731 1704 2818 susceperim
1734 2730 1905 2798 Nemeum

327 2853 497 2921 lickertus
518 2853 571 2940 id,
600 2853 686 2938 quod
713 2854 748 2919 in
779 2859 891 2938 quarto
911 2859 996 2918 tomo
1017 2852 1166 2919 editionis
1187 2871 1265 2919 snae
1291 2853 1500 2920 lata-1845
1520 2852 1554 2917 in
1582 2852 1685 2918 lucem
1707 2851 1850 2937 prolatae
1870 2869 1905 2916 se

329 2979 538 3041 mactaturum
560 2974 755 3060 promiserat,
774 2972 880 3039 adhuc
901 2972 1067 3038 absolvere
1088 2971 1316 3058 supersederit,
1337 2978 1462 3057 praeter
1484 2991 1538 3056 ea,
1561 2991 1643 3056 qnae
1665 2968 1846 3057 Haasins*)
1871 2968 1906 3034 in

331 3092 580 3178 praefationibus
603 3091 748 3159 editionis
769 3111 848 3158 snae
869 3091 910 3158 de
928 3090 1070 3158 Senecae
1092 3111 1210 3177 genere
1232 3090 1359 3158 dicendi
1381 3091 1518 3178 protulit,
1539 3090 1617 3157 mibi
1638 3091 1707 3156 sola
1727 3087 1907 3154 dissertmio

329 3209 483 3295 Boehmii,
505 3231 587 3295 quae
602 3218 835 3297 programmate
855 3230 998 3296 gymnas.
1021 3209 1104 3276 Oels.
1122 3211 1205 3278 1840
1226 3210 1410 3296 continetur,
1431 3207 1622 3276 adminiculo
1646 3208 1714 3274 fnit.
1759 3208 1819 3275 Oui
1839 3208 1908 3274 viro

334 3328 426 3395 docto
448 3329 612 3415 assentior,
634 3330 720 3413 quod
740 3329 911 3396 admodum
934 3328 1018 3395 dolet
1037 3327 1179 3395 Senecae
1199 3329 1296 3395 libros
1317 3349 1381 3394 uon
1399 3328 1469 3412 jam
1481 3328 1668 3396 inmanibus
1683 3328 1907 3414 discipulorum

326 3467 407 3514 esse.
437 3447 583 3531 Namque
603 3447 643 3514 iis
666 3455 698 3514 et
718 3449 826 3535 multa,
848 3467 932 3532 quae
953 3445 996 3512 ad
1016 3468 1120 3514 mores
1141 3453 1173 3514 et
1195 3448 1281 3514 facta
1302 3447 1394 3534 primi
1410 3469 1439 3534 p.
1451 3447 1522 3514 Chr.
1534 3470 1563 3514 n.
1585 3449 1705 3515 saeculi
1726 3447 1907 3515 accuratius

331 3559 552 3652 cognoscenda
573 3567 740 3652 pertinent,
761 3575 794 3634 et
814 3568 978 3654 praeclara
999 3565 1176 3652 sapientiae
1198 3573 1368 3653 praecepta
1382 3566 1591 3653 continentur,
1612 3587 1696 3652 quae
1716 3566 1907 3651 quibusdam

327 3705 351 3751 a
362 3684 544 3751 Christiana
553 3684 696 3752 doctrina
706 3684 793 3751 haud
803 3685 850 3752 ite
863 3686 996 3751 multum
1010 3685 1130 3751 distare
1145 3685 1216 3752 visa
1230 3684 1360 3774 snntfl‘)
1382 3683 1473 3765 Quae
1488 3706 1586 3753 causa
1601 3685 1669 3774 fnit,
1685 3707 1741 3754 cur
1754 3685 1908 3773 epistulae

414 3959 439 4024 *J
456 3957 546 4027 Hujus
564 3957 709 4012 cuneum
727 3957 943 4012 Teubnerianam
959 3957 988 4012 in
1006 3956 1152 4012 afferendis
1168 3957 1235 4012 locis
1254 3963 1363 4012 secutus
1381 3971 1448 4012 snm.

395 4061 437 4131 **)
454 4061 580 4130 Exempli
596 4060 684 4129 gratia
701 4059 803 4129 aliquot
819 4059 893 4115 locos
910 4059 1007 4114 afferre
1025 4059 1102 4114 libet:
1121 4059 1202 4115 Clem.
1219 4060 1240 4128 1,
1257 4060 1299 4128 24,
1317 4059 1334 4114 2
1355 4060 1460 4114 Natura
1477 4066 1622 4116 contumax
1639 4065 1681 4115 est
1697 4060 1832 4118 humanus
1850 4062 1908 4117 ani·

328 4161 388 4200 mus
415 4151 442 4200 et
468 4147 497 4200 in
517 4147 681 4201 contrarium
708 4151 790 4214 atque
807 4145 920 4200 arduum
937 4145 1038 4211 niteam
1064 4145 1115 4214 Ep.
1132 4145 1207 4212 8³,1
1247 4145 1371 4214 Singulos
1397 4143 1456 4200 dies
1482 4145 1532 4200 tibi
1558 4160 1632 4200 meos
1658 4151 1686 4201 et
1711 4147 1819 4216 quidem
1836 4153 1908 4202 totos

328 4229 445 4285 indicari
460 4231 552 4301 jubes:
570 4232 638 4286 bene
656 4231 690 4288 de
707 4247 750 4286 me
764 4231 880 4300 judicas,
898 4231 922 4286 si
939 4231 1007 4286 nihil
1024 4247 1083 4287 esse
1101 4231 1130 4286 in
1146 4231 1201 4285 illis
1217 4237 1306 4300 putas,
1323 4231 1395 4300 quod
1411 4229 1583 4286 abscondam.
1618 4231 1662 4286 Sic
1678 4237 1751 4288 certe
1767 4233 1909 4288 uiuendum

318 4319 377 4381 est,
395 4321 532 4384 umquam
555 4317 584 4370 iu
602 4324 749 4387 conspectu
765 4317 893 4384 vivamus,
919 4317 959 4372 sic
976 4317 1158 4386 cogitandum,
1176 4323 1312 4386 umquam
1338 4315 1436 4386 aliquale
1458 4316 1488 4370 in
1513 4321 1607 4386 pectus
1628 4316 1753 4372 intimum
1775 4319 1909 4388 inspicere

327 4399 428 4468 possit:
447 4407 474 4454 et
490 4407 587 4470 potest
614 4401 679 4472 quid
696 4403 767 4457 euim
783 4402 893 4472 prodest
910 4402 945 4456 ab
961 4402 1070 4458 homine
1086 4401 1188 4472 aliquid
1205 4416 1264 4457 esse
1281 4403 1432 4456 secretum?
1449 4401 1517 4456 nibil
1534 4401 1585 4457 deo
1603 4401 1707 4458 clusum
1724 4409 1772 4459 est
1797 4403 1911 4459 interest

318 4484 426 4540 ¹animis
444 4485 544 4540 uosnis
562 4493 590 4541 et
606 4487 814 4556 cogitafiouibus
829 4487 926 4542 mediis
943 4487 1102 4557 intervenit3
1120 4487 1189 4542 Dial.
1207 4487 1241 4543 de
1258 4487 1304 4542 Ira
1319 4486 1366 4543 lib.
1383 4487 1418 4556 ll,
1435 4504 1458 4542 c.
1475 4487 1510 4541 28
1539 4487 1568 4543 Sl
1585 4487 1707 4543 volumus
1725 4489 1803 4558 aequi
1819 4503 1909 4544 rerum

329 4570 449 4625 omnium
464 4571 571 4640 jndices
588 4587 656 4642 esse,
673 4573 725 4628 hoc
741 4573 857 4643 primum
876 4573 953 4628 nobis
970 4573 1189 4642 persuadeamus,
1207 4573 1472 4628 neminemnostrurn
1482 4587 1551 4646 'ease
1567 4573 1628 4629 siue
1645 4573 1732 4644 culpa
1758 4575 1821 4630 hinc
1837 4574 1910 4630 euim

322 4656 448 4712 muima
476 4655 628 4725 indignatio
649 4657 741 4714 oritur.
775 4657 865 4728 ,llibil
880 4657 1006 4729 peccari“
1022 4663 1051 4714 et
1071 4657 1154 4727 „nibil
1175 4657 1251 4714 tecit
1289 4659 1374 4714 lmnm
1398 4659 1465 4714 nibil
1481 4659 1587 4716 'tataris
1626 4659 1800 4728 Indignamur
1820 4660 1911 4732 aliqua
