4578 5566
1021 393 1178 458 33Υ

242 582 339 650 etiam
371 581 435 667 his;
464 601 523 648 nee
552 586 659 647 tamen
690 579 802 666 ignoro
834 577 930 645 etiam
964 598 1006 645 ex
1036 578 1196 650 Cineronis
1225 576 1313 643 libris
1349 577 1527 663 exemplum
1556 576 1668 644 harum
1700 578 1843 664 partien-

242 703 344 768 larnm
375 701 622 784 conjunctarum·
646 698 760 766 afferri.
817 697 845 765 Ο
875 705 907 764 51
935 719 984 765 ne
1017 701 1165 786 oopnlatu
1196 705 1271 767 sunt
1297 699 1374 764 Bon
1395 698 1433 783 V,
1454 698 1485 782 4,
1515 697 1537 762 4
1574 697 1606 785 (o
1637 719 1677 765 ne
1712 698 1840 784 ille->1

244 821 366 907 51911,
388 822 440 907 27,
463 821 485 886 2
517 819 569 906 (In
598 818 660 884 hae
694 818 848 885 aviditate
876 817 1003 904 generis
1026 817 1156 886 hnmani
1184 840 1204 885 o
1233 839 1274 886 ne
1304 823 1339 883 tn
1367 815 1461 882 nimis
1484 816 1629 883 fortunae
1659 817 1836 884 eommunis

246 939 362 1006 oblitus
384 959 430 1026 es,
452 939 506 1022 qni
529 936 656 1022 qnaeris
678 937 761 1004 inter
782 938 942 1023 rapientes
963 936 1176 1026 referentem).

330 1058 520 1143 Priusquam
552 1056 731 1123 disserendi
766 1055 862 1123 finem
890 1055 1024 1142 faeiem,
1058 1057 1171 1142 paneis
1209 1054 1306 1124 etiarn
1347 1055 1388 1122 de
1426 1055 1632 1123 eolloeatione
1669 1056 1838 1122 verborum

244 1197 403 1263 exponere
441 1176 534 1263 libet,
572 1173 731 1259 siquidem
758 1176 854 1242 etiam
884 1175 945 1242 hae
978 1174 1014 1240 in
1042 1195 1077 1242 re
1107 1175 1232 1243 Seneea
1259 1175 1404 1242 nonnihil
1431 1195 1452 1241 a
1479 1175 1636 1262 prioribus
1668 1175 1839 1261 discrepat

243 1295 291 1364 Ae
312 1296 448 1382 primum
480 1295 635 1378 itaque
665 1315 729 1361 non
758 1295 792 1359 in
814 1293 970 1380 principio
991 1295 1170 1362 sententiae
1191 1314 1309 1381 ponere
1330 1295 1420 1382 solet,
1449 1294 1507 1360 sed
1535 1294 1633 1361 altero
1663 1295 1715 1362 vel
1744 1296 1841 1362 tertio

242 1415 320 1501 loeo,
341 1417 429 1482 velnt
448 1415 533 1481 Diat
555 1415 580 1500 1,
603 1416 653 1500 11,
676 1414 714 1481 8:
743 1412 816 1479 Non
839 1419 888 1480 est
908 1413 1019 1497 itaque
1048 1413 1135 1480 utilis
1165 1434 1205 1480 ne
1226 1413 1262 1479 in
1284 1413 1411 1499 proeliis
1432 1413 1563 1497 quidem
1576 1406 1640 1480 'aut
1662 1414 1753 1481 bellis
1774 1416 1838 1483 ira.

243 1533 369 1602 Deinde
398 1541 561 1602 tentum
586 1539 661 1598 ante
687 1531 723 1598 id
744 1531 886 1618 verbnm,
917 1531 961 1599 ad
983 1531 1069 1616 qnod
1099 1532 1244 1619 pertinet,
1274 1533 1441 1600 eolioeevit
1462 1531 1500 1600 D.
1523 1532 1580 1620 Xi,
1603 1535 1633 1621 6,
1657 1536 1673 1600 1
1697 1533 1838 1621 (tantum

243 1653 336 1721 rebns
363 1652 514 1721 secundis
541 1652 612 1740 uti),
641 1650 695 1718 eir.
717 1651 776 1736 Ep.
801 1653 832 1737 3,
860 1652 881 1716 4
908 1650 1027 1718 Contra
1060 1653 1195 1719 rnnlto
1220 1651 1319 1719 verbo
1352 1653 1530 1738 postposuit
1559 1652 1642 1719 Diei
1666 1653 1741 1742 XII,
1769 1655 1837 1721 96

243 1771 316 1859 plns
338 1772 446 1860 multo,
467 1771 536 1861 (eir.
561 1771 658 1840 (ilem.
682 1775 708 1859 Ι,
730 1772 782 1860 22,
804 1773 825 1837 3
847 1768 976 1856 gravior
997 1771 1117 1856 multo).
1162 1771 1302 1837 Genea
1330 1777 1405 1837 ante
1432 1771 1531 1839 verba
1552 1779 1640 1838 reeta
1664 1773 1836 1840 eolloearit

243 1891 322 1959 Ben.
344 1892 450 1979 1V‚3‚
474 1894 489 1959 1
514 1890 550 1957 id
570 1911 669 1958 eausa
690 1891 787 1957 ullius
809 1888 939 1956 alterins
968 1889 1014 1956 rei
1042 1890 1139 1974 dare;
1183 1897 1331 1957 eontra
1360 1891 1537 1976 postposuit
1566 1891 1625 1978 Ep.
1648 1893 1701 1977 32,
1722 1895 1745 1958 4
1775 1891 1837 1960 sed

243 2010 324 2078 haee
345 2017 456 2078 eontra
470 2039 514 2068 ==
533 2017 643 2077 eontra
664 2029 705 2076 ea
734 2009 786 2076 vel
813 2015 931 2076 eontra.
975 2008 1125 2093 Denique
1156 2008 1339 2096 largissima
1367 2011 1460 2096 eopia
1481 2031 1589 2078 eornm
1611 2011 1750 2077 loeomrn
1776 2018 1835 2099 est,

243 2129 415 2213 inquibus
441 2129 547 2195 verbio
573 2135 661 2195 arete
688 2129 771 2195 inter
800 2148 836 2195 ee
871 2129 1113 2196 oohaerentibns
1143 2129 1232 2196 aliud
1253 2129 1383 2196 verbum
1417 2128 1618 2213 interJeotnm
1649 2135 1713 2217 est,
1746 2130 1835 2196 velot

243 2249 304 2337 Ep.
329 2251 380 2335 76,
401 2251 443 2315 33
466 2249 674 2314 humanarum
697 2247 883 2316 formidines
914 2249 1074 2335 mentium,
1104 2247 1162 2335 Ep.
1185 2249 1236 2335 92,
1258 2250 1300 2316 25
1326 2247 1515 2315 insanabilis
1543 2248 1717 2315 exuloerati
1745 2249 1835 2316 dolor

244 2367 1776 2456 1511115611).15,4.26,6.94,1351205170.95695110.10225.115,18.

330 2486 397 2554 Sed
418 2488 498 2554 haee
520 2486 679 2554 sufficiant
700 2486 744 2554 ad
764 2486 809 2573 id,
830 2486 917 2570 quod
945 2487 1023 2552 mihi
1045 2485 1242 2573 propositum
1265 2493 1343 2573 erat,
1365 2485 1654 2554 demonstrandum.
1704 2487 1834 2554 Nemini

244 2606 329 2674 enim
351 2628 392 2674 ex
415 2606 472 2694 eis,
501 2625 584 2690 qnae
613 2606 810 2692 protulimus,
845 2605 977 2672 dubium
1010 2607 1077 2673 fore
1107 2625 1209 2693 spero,
1242 2606 1320 2690 quin
1342 2603 1465 2674 Seneoa
1495 2607 1595 2673 multa
1623 2614 1655 2672 et
1684 2607 1717 2673 in
1739 2627 1834 2673 voea-

243 2725 387 2794 bulorom
418 2745 479 2793 usn
512 2733 545 2793 et
577 2725 612 2790 in
646 2725 814 2792 verborum
844 2723 1140 2810 conjungendorum
1173 2725 1295 2792 ratione
1328 2726 1509 2812 novaverit,
1540 2725 1609 2793 eive
1638 2732 1749 2812 poetas
1786 2727 1836 2793 in·

160 2892 164 2900 -
242 2845 354 2931 primis
374 2845 559 2930 Augusteae
588 2844 704 2911 aetatis
724 2845 866 2911 imitetur
888 2844 938 2930 sit,
966 2843 1034 2910 eive
1056 2845 1127 2931 ipse
1147 2848 1203 2910 aut
1220 2844 1337 2928 aliquis
1359 2864 1400 2911 ex
1423 2844 1610 2931 aequalibus
1633 2865 1673 2911 ea
1694 2843 1833 2913 finxerit.
