4578 5566
1201 279 1244 343 24

424 473 483 552 est,
506 466 612 534 nesoio
635 487 676 532 an
698 466 773 533 inde
796 466 938 552 genuina
965 467 1058 534 lectio
1087 466 1153 533 erui
1176 469 1283 551 possit.
1327 467 1409 530 Nam
1439 466 1466 530 oi
1489 465 1611 533 Seneca
1631 467 1702 550 ipse
1723 467 1907 553 „antehac“,
1930 467 2016 551 quod

427 586 558 653 verbum
581 586 622 652 ab
645 585 703 653 hoc
724 587 792 652 loeo
808 587 946 654 alienum
962 607 1026 653 non
1049 595 1106 673 est,
1121 586 1257 672 scripsit,
1273 586 1365 652 facile
1387 584 1455 650 fieri
1474 587 1583 670 potuit,
1607 594 1642 652 ut
1656 586 1734 672 „au“
1749 594 1824 652 ante
1838 565 2014 672 „antehao“

427 706 629 790 omitteretur,
652 726 715 790 quo
736 705 820 772 facto
841 706 923 772 alius
944 705 1101 793 librarius,
1124 705 1178 789 qui
1200 704 1468 772 animadverteret
1491 727 1552 772 non
1575 725 1660 791 asse,
1682 706 1766 772 unde
1788 705 2010 790 conjunctivus

428 826 585 912 penderet,
607 827 640 892 in
663 826 734 910 ejus
757 827 857 892 locum
880 825 1088 892 indicativum
1110 824 1279 891 substituit.
1326 823 1390 890 Sed
1416 825 1473 891 hoe
1495 825 1549 891 alii
1572 825 1758 908 dijudicent.
1804 826 1945 892 Transeo
1968 824 2012 892 ad

424 945 557 1012 aternu
579 947 691 1031 locum,
715 945 769 1028 qui
792 951 896 1011 exstat
917 945 955 1010 N.
979 944 1016 1023 Q.
1039 946 1109 1030 VII,
1132 947 1182 1030 25,
1208 949 1223 1010 1
1256 945 1383 1030 „qualia
1420 953 1501 1029 sunt,
1524 946 1716 1031 ignoramus,
1747 965 1843 1028 quam
1867 945 2011 1012 codicum

423 1065 613 1152 scripturam
636 1067 732 1132 etiam
754 1063 923 1130 Fickertus
946 1065 1073 1149 reecpit.

510 1187 643 1253 Restant
665 1185 787 1268 aliquot
808 1185 885 1270 ioci,
915 1185 1029 1268 quibus
1059 1185 1297 1269 conjunctiones
1327 1194 1389 1268 nt,
1418 1205 1438 1266 q
1448 1185 1645 1270 nominus,
1679 1184 1777 1268 quin
1806 1185 2010 1270 singulariter

425 1311 597 1391 usurpatae
618 1311 698 1370 sunt.
741 1303 847 1386 Atque
867 1310 910 1369 ut
931 1305 1074 1387 sequitur
1095 1304 1266 1390 „sollicitus
1288 1303 1376 1369 sum“
1394 1304 1452 1388 Ep.
1477 1307 1528 1390 98,
1552 1307 1572 1370 6
1595 1304 1755 1389 (animus),
1779 1304 1833 1387 qui
1855 1303 2009 1370 sollicitus

424 1432 481 1511 est,
502 1431 598 1511 utea,
611 1423 922 1508 quibusdelectatur,
945 1423 988 1489 ad
1002 1431 1175 1490 extremum
1199 1443 1300 1505 usque
1315 1432 1527 1507 permaneant.
1558 1425 1617 1491 Pro
1629 1425 1700 1510 „ut“
1718 1425 1821 1508 potius
1839 1429 2006 1508 exspectes
2122 1453 2128 1470 =

427 1545 512 1630 „ne“,
535 1544 620 1628 quod
642 1545 728 1629 apud
745 1543 904 1610 Justinum
926 1545 956 1629 2,
980 1545 997 1609 ‘i
1021 1545 1189 1609 invenitur.
1232 1543 1299 1608 Nec
1322 1543 1425 1608 minus
1448 1565 1468 1606 a
1488 1551 1614 1628 recepto
1637 1564 1696 1609 usu
1713 1543 1836 1610 Seneca
1858 1543 2012 1627 discessit,

422 1663 510 1746 quod
525 1664 672 1749 Bouill,
692 1663 775 1748 332
798 1670 829 1730 et
845 1665 865 1728 3
886 1663 1046 1729 adiciendi
1062 1663 1192 1728 verbum
1216 1682 1287 1727 eum
1309 1663 1380 1748 „ut“
1402 1662 1576 1748 conjunxit,
1591 1664 1705 1748 (adice,
1728 1671 1763 1727 ut
1782 1663 1867 1729 idem
1889 1669 2011 1748 patrem

424 1803 511 1848 reum
535 1782 685 1849 det'endat
714 1790 745 1849 et
767 1783 991 1868 conspirationi
1020 1782 1217 1848 inimieorum
1245 1783 1418 1866 potentium
1449 1783 1586 1867 eripiat).
1634 1782 1757 1849 Deinde
1788 1782 2010 1866 quominus

418 1903 525 1969 verbis
548 1903 820 1988 persuadendi
843 1908 874 1968 et
896 1901 1070 1969 vetandi
1094 1900 1250 1984 adjunxit.
1275 1903 1371 1988 (Dial.
1386 1903 1442 1987 ΙΙΙ,
1455 1903 1518 1988 4,2
1546 1904 1634 1968 nulla
1649 1903 1816 1986 quominus
1831 1901 1909 1967 fiant
1924 1901 2005 1966 ratio

423 2023 602 2110 persuadet,
632 2025 690 2108 Ep.
713 2025 764 2108 95,
787 2025 807 2088 8
830 2029 863 2088 at
886 2022 979 2107 haeai,
1012 2042 1094 2105 qnae
1117 2027 1217 2087 artem
1239 2023 1324 2089 vitae
1352 2021 1494 2106 protessa
1524 2031 1585 2108 est,
1617 2024 1704 2088 nulla
1727 2045 1760 2089 re
1782 2022 1949 2107 queminus
1971 2041 2007 2088 se

426 2149 580 2226 exerceat,
603 2143 704 2209 vetari
726 2142 852 2228 potest).
895 2142 1043 2224 Denique
1066 2141 1164 2222 quin
1188 2141 1330 2222 sequitur
1351 2140 1552 2207 manifestum
1585 2151 1633 2208 est
1654 2143 1731 2210 Ben.
1755 2143 1808 2228 Vi,
1833 2145 1860 2227 Ι,
1884 2144 1903 2207 2
1925 2143 2008 2206 Nam

422 2263 449 2328 si
471 2271 599 2329 coactus
623 2263 743 2345 aliquid
766 2262 838 2328 boni
862 2262 945 2344 feeit,
968 2262 1043 2344 quin
1067 2282 1124 2326 nos
1147 2282 1208 2326 non
1232 2261 1362 2345 obliget,
1384 2262 1646 2327 manifestius
1670 2270 1746 2347 est,
1769 2281 1864 2344 quam
1887 2267 1922 2326 ut
1943 2261 2010 2326 ulla

425 2383 456 2449 in
480 2383 540 2447 hoo
562 2384 659 2448 verba
680 2381 894 2467 impendenda
917 2382 989 2447 sint.

509 2501 764 2567 intinitivus
787 2523 807 2566 a
829 2501 952 2567 Seneca
974 2502 1102 2586 saepius
1124 2510 1294 2585 usurpatur
1315 2521 1411 2584 quam
1433 2523 1453 2567 a
1475 2502 1587 2567 ceteris
1611 2500 1771 2584 plerisque
1792 2500 2006 2584 scriptoribus.

424 2620 517 2698 Quod
538 2642 577 2686 ne
598 2621 756 2707 miremur,
781 2627 962 2704 reputemus
984 2620 1023 2703 ei,
1055 2640 1126 2686 eum
1157 2643 1173 2684 e
1202 2641 1288 2685 more
1314 2641 1392 2686 suae
1421 2620 1535 2686 aetatis
1560 2620 1695 2686 breviter
1724 2619 1872 2706 loquendi
1903 2618 2008 2686 studio

424 2739 589 2827 flagraret,
624 2740 814 2806 infinitivum
844 2739 886 2805 ad
918 2739 954 2804 id
985 2739 1184 2804 efficiendum
1218 2739 1311 2805 valde
1350 2739 1499 2805 idoneum
1536 2739 1638 2805 usum
1668 2759 1748 2806 esse.
1792 2743 1839 2805 Ac
1873 2739 2008 2825 primum

428 2880 657 2945 saepenumero
679 2860 868 2925 substantivi
891 2860 958 2924 loeo
981 2865 1157 2943 usurpatur.
1201 2858 1421 2924 Praetermitto
1444 2867 1477 2924 et
1498 2879 1552 2924 eos
1574 2860 1676 2943 locos,
1699 2859 1814 2942 quibus
1835 2859 2010 2925 infinitivus

428 2999 499 3046 cum
522 2979 754 3064 praepositione
776 2977 988 3063 conjungitur,
1010 2985 1044 3042 ut
1065 2979 1142 3043 Bsn.
1156 2979 1193 3062 V,
1206 2982 1287 3064 1(ῖ,1
1311 2979 1501 3044 Etiamnunc
1522 2979 1654 3042 muitum
1676 2979 1806 3045 interest
1828 2979 1910 3044 inter
1932 2978 2010 3044 dare

426 3107 458 3164 et
471 3099 615 3184 accipere
638 3105 670 3164 et
685 3119 749 3184 eos,
771 3097 885 3181 quibus
907 3098 1042 3164 nominis
1056 3098 1108 3162 vel
1130 3098 1323 3188 pronominis
1347 3096 1526 3180 explicandi
1549 3098 1655 3180 gratia
1674 3097 1852 3184 apponitur,
1874 3105 1909 3162 ut
1929 3098 2007 3164 Ben.

424 3219 482 3304 ΙΙΙ,
505 3221 556 3304 33,
578 3221 599 3282 2
622 3217 724 3300 adice,
746 3224 782 3282 ut
803 3255 843 3264 --
867 3216 1021 3300 maj0rem
1043 3217 1238 3283 nobilitatem
1261 3217 1356 3282 nobili
1378 3217 1447 3282 viro
1470 3217 1589 3282 adiciat
1613 3218 1674 3284 diei
1698 3216 1855 3302 Scipionis
1878 3225 2010 3304 patrem,

426 3339 483 3425 Ep.
510 3341 557 3424 12,
579 3341 600 3404 5
622 3344 678 3403 aut
700 3337 760 3403 hoc
781 3337 885 3420 ipsum
908 3336 1048 3402 succedit
1069 3337 1103 3401 in
1125 3336 1226 3403 locum
1249 3336 1458 3421 voluptatium
1487 3336 1581 3401 nullis
1606 3357 1718 3422 egere,
1748 3337 1906 3420 siquidem
1930 3337 2009 3404 haee

427 3457 577 3552 loquendi
600 3477 720 3543 genera
741 3477 782 3521 ne
803 3476 824 3520 a
846 3455 996 3521 Cicerone
1018 3455 1145 3539 quidem
1168 3456 1274 3521 aliena
1295 3463 1375 3520 sunt.

511 3575 616 3641 Sede
647 3582 769 3660 recepto
792 3595 850 3640 usu
875 3596 1001 3659 prorsus
1023 3574 1191 3640 abhorrere
1225 3575 1358 3659 ridetur,
1392 3575 1477 3656 (quod
1500 3574 1623 3642 Seneca
1655 3575 1836 3662 genetivum
1860 3596 1931 3640 eum
1961 3575 2008 3639 in-

424 3697 546 3761 finitivo
568 3695 734 3778 (conjunxit
756 3695 812 3778 Ep.
839 3697 907 3779 101,
934 3694 1206 3771 recordantem
1240 3695 1335 3776 hujus
1367 3695 1473 3759 vivere
1503 3702 1577 3761 est?
1613 3696 1668 3761 diu
1699 3696 1793 3780 mori,
1824 3695 1874 3760 cui
1905 3693 2009 3760 simile

424 3819 560 3881 alterum
583 3815 762 3898 exemplum
785 3813 932 3896 equidem
956 3814 1095 3898 pretereo
1119 3835 1181 3878 non
1209 3833 1342 3898 possum.

512 3933 655 4016 Subjecti
678 3933 746 3998 vico
768 3932 912 4016 iungitur
939 3933 1112 3998 infinitivus
1134 3954 1195 3998 non
1217 3935 1318 3998 solum
1340 3935 1373 3997 in
1394 3934 1434 3998 iis
1457 3933 1630 4019 sententiis,
1661 3953 1793 4017 quarum
1824 3932 2010 4016 praedicata

426 4063 500 4120 suut
534 4054 629 4120 verba
663 4050 861 4137 prodesse
894 4052 944 4134 (N.
968 4051 1002 4130 Q.
1027 4052 1078 4137 VI,
1101 4053 1130 4137 3,
1156 4055 1182 4116 l.
1229 4053 1285 4136 Ep.
1310 4055 1361 4134 2ὐ,
1396 4055 1433 4138 5,
1467 4055 1517 4138 36,
1540 4055 1576 4138 4,
1608 4053 1659 4138 43,
1692 4055 1726 4136 4,
1749 4054 1799 4138 82,
1821 4054 1856 4136 4,
1891 4051 2007 4138 83,1)‚

428 4194 577 4241 uouere
600 4173 696 4256 (Dial.
720 4171 777 4254 ΙΙΙ,
799 4174 829 4252 6,
852 4176 890 4255 3,
912 4171 964 4255 VI,
988 4173 1038 4257 20,
1060 4174 1098 4255 4,
1120 4171 1190 4256 Vil,
1214 4175 1241 4257 l,
1261 4173 1298 4256 4,
1321 4173 1378 4257 Ep.
1411 4175 1458 4257 14,
1488 4172 1550 4259 10),
1579 4172 1637 4238 scd
1666 4171 1761 4236 etiam
1789 4171 1861 4236 alia.
1906 4168 2009 4247 Quam

428 4293 462 4358 in
485 4313 551 4359 rem
573 4293 776 4358 conterantur
796 4291 873 4358 Bon.
898 4291 949 4376 VI,
972 4292 1001 4377 1,
1023 4295 1045 4356 4
1066 4311 1137 4356 curn
1159 4291 1285 4374 utrique
1305 4293 1388 4357 velle
1409 4291 1555 4378 detuerit,
1576 4292 1636 4376 Ep.
1658 4293 1709 4376 98,
1743 4293 1778 4356 11
1805 4290 1921 4357 habere
1950 4291 2009 4356 ari-

429 4413 521 4500 pitur,
559 4411 707 4478 uacuae
740 4429 918 4494 uunquam,
948 4410 1006 4496 Ep.
1030 4412 1123 4496 74,4
1157 4430 1331 4496 paremque
1364 4411 1468 4496 passis
1500 4409 1661 4476 tristitiam
1695 4410 1774 4477 facit
1808 4410 1875 4495 pati
1909 4429 2011 4495 posse

426 4532 552 4599 Deinde
572 4531 750 4598 infinitivus
770 4527 948 4657 subjectum
969 4537 1018 4598 est
1039 4550 1148 4596 earum
1170 4529 1411 4616 sententiamm,
1438 4549 1572 4614 quarum
1606 4529 1823 4615 praedicatum
1853 4551 1893 4596 ex
1915 4530 2014 4596 verbo
