<?xml version="1.0" encoding="UTF-8"?>
<!DOCTYPE html PUBLIC "-//W3C//DTD XHTML 1.0 Transitional//EN"
    "http://www.w3.org/TR/xhtml1/DTD/xhtml1-transitional.dtd">
<html xmlns="http://www.w3.org/1999/xhtml" xml:lang="en" lang="en">
 <head>
  <title>
</title>
<meta http-equiv="Content-Type" content="text/html;charset=utf-8" />
  <meta name='ocr-system' content='tesseract 3.04.00' />
  <meta name='ocr-capabilities' content='ocr_page ocr_carea ocr_par ocr_line ocrx_word'/>
</head>
<body>
  <div class='ocr_page' id='page_1' title='image "./delatinitatesen00opitgoog_0028.png"; bbox 0 0 4578 5566; ppageno 0'>
   <div class='ocr_carea' id='block_1_1' title="bbox 1053 368 1093 433">
    <p class='ocr_par' dir='ltr' id='par_1_1' title="bbox 1053 368 1093 433">
     <span class='ocr_line' id='line_1_1' title="bbox 1053 368 1093 433; baseline 0.025 -1"><span class='ocrx_word' id='word_1_1' title='bbox 1053 368 1093 433; x_wconf 87' lang='grc'>21</span> 
     </span>
    </p>
   </div>
   <div class='ocr_carea' id='block_1_2' title="bbox 281 550 1872 2314">
    <p class='ocr_par' dir='ltr' id='par_1_2' title="bbox 283 550 1869 762">
     <span class='ocr_line' id='line_1_2' title="bbox 283 550 1869 644; baseline -0.003 -19"><span class='ocrx_word' id='word_1_2' title='bbox 283 566 400 644; x_wconf 81' lang='lat' dir='ltr'>regunt</span> <span class='ocrx_word' id='word_1_3' title='bbox 414 565 448 625; x_wconf 86' lang='lat' dir='ltr'>et</span> <span class='ocrx_word' id='word_1_4' title='bbox 469 557 536 626; x_wconf 84' lang='lat' dir='ltr'>illis</span> <span class='ocrx_word' id='word_1_5' title='bbox 558 577 664 624; x_wconf 78' lang='lat' dir='ltr'>rerum</span> <span class='ocrx_word' id='word_1_6' title='bbox 695 557 824 624; x_wconf 80' lang='lat' dir='ltr'>auamm</span> <span class='ocrx_word' id='word_1_7' title='bbox 840 577 881 622; x_wconf 84' lang='lat' dir='ltr'>cx</span> <span class='ocrx_word' id='word_1_8' title='bbox 904 553 993 622; x_wconf 86' lang='lat' dir='ltr'>edito</span> <span class='ocrx_word' id='word_1_9' title='bbox 1017 552 1255 637; x_wconf 79' lang='lat' dir='ltr'>tranquilloque</span> <span class='ocrx_word' id='word_1_10' title='bbox 1277 553 1380 618; x_wconf 89' lang='lat' dir='ltr'>tutela</span> <span class='ocrx_word' id='word_1_11' title='bbox 1400 559 1463 638; x_wconf 86' lang='lat' dir='ltr'>est;</span> <span class='ocrx_word' id='word_1_12' title='bbox 1492 551 1654 639; x_wconf 83' lang='lat' dir='ltr'>(similiter</span> <span class='ocrx_word' id='word_1_13' title='bbox 1672 550 1741 636; x_wconf 63' lang='lat' dir='ltr'>⁸inm</span> <span class='ocrx_word' id='word_1_14' title='bbox 1764 551 1869 622; x_wconf 80' lang='lat' dir='ltr'>Plaut.</span> 
     </span>
     <span class='ocr_line' id='line_1_3' title="bbox 283 670 1635 762; baseline -0.008 -16"><span class='ocrx_word' id='word_1_15' title='bbox 283 681 407 746; x_wconf 84' lang='lat' dir='ltr'>locutus</span> <span class='ocrx_word' id='word_1_16' title='bbox 428 686 479 744; x_wconf 85' lang='lat' dir='ltr'>eat</span> <span class='ocrx_word' id='word_1_17' title='bbox 504 683 536 744; x_wconf 91' lang='lat' dir='ltr'>et</span> <span class='ocrx_word' id='word_1_18' title='bbox 559 677 699 760; x_wconf 82' lang='lat' dir='ltr'>Terent,</span> <span class='ocrx_word' id='word_1_19' title='bbox 723 676 810 762; x_wconf 88' lang='lat' dir='ltr'>apud</span> <span class='ocrx_word' id='word_1_20' title='bbox 834 695 930 758; x_wconf 88' lang='lat' dir='ltr'>quem</span> <span class='ocrx_word' id='word_1_21' title='bbox 953 695 992 760; x_wconf 89' lang='lat' dir='ltr'>„e</span> <span class='ocrx_word' id='word_1_22' title='bbox 1016 672 1208 756; x_wconf 83' lang='lat' dir='ltr'>tranquillo“</span> <span class='ocrx_word' id='word_1_23' title='bbox 1230 699 1273 726; x_wconf 92' lang='lat'>=</span> <span class='ocrx_word' id='word_1_24' title='bbox 1295 691 1314 736; x_wconf 93' lang='lat' dir='ltr'>e</span> <span class='ocrx_word' id='word_1_25' title='bbox 1336 671 1507 754; x_wconf 84' lang='lat' dir='ltr'>tranquillo</span> <span class='ocrx_word' id='word_1_26' title='bbox 1530 670 1635 759; x_wconf 90' lang='lat' dir='ltr'>mari.)</span> 
     </span>
    </p>

    <p class='ocr_par' dir='ltr' id='par_1_3' title="bbox 281 789 1872 1598">
     <span class='ocr_line' id='line_1_4' title="bbox 367 789 1870 882; baseline -0.006 -17"><span class='ocrx_word' id='word_1_27' title='bbox 367 819 416 866; x_wconf 86' lang='lat' dir='ltr'>ex</span> <span class='ocrx_word' id='word_1_28' title='bbox 438 805 699 863; x_wconf 88' lang='lat' dir='ltr'>transverso</span> <span class='ocrx_word' id='word_1_29' title='bbox 728 796 785 882; x_wconf 83' lang='lat' dir='ltr'>Ep.</span> <span class='ocrx_word' id='word_1_30' title='bbox 811 797 882 878; x_wconf 80' lang='lat'>117,</span> <span class='ocrx_word' id='word_1_31' title='bbox 905 795 955 861; x_wconf 84' lang='lat'>21.</span> <span class='ocrx_word' id='word_1_32' title='bbox 995 793 1078 859; x_wconf 89' lang='lat' dir='ltr'>Dial.</span> <span class='ocrx_word' id='word_1_33' title='bbox 1102 792 1172 875; x_wconf 86' lang='lat' dir='ltr'>VII,</span> <span class='ocrx_word' id='word_1_34' title='bbox 1198 793 1288 875; x_wconf 79' lang='grc'><strong>16,6</strong></span> <span class='ocrx_word' id='word_1_35' title='bbox 1319 791 1446 856; x_wconf 80' lang='lat' dir='ltr'>morbos</span> <span class='ocrx_word' id='word_1_36' title='bbox 1475 789 1567 876; x_wconf 90' lang='lat' dir='ltr'>dico,</span> <span class='ocrx_word' id='word_1_37' title='bbox 1600 789 1726 876; x_wconf 87' lang='lat' dir='ltr'>funera,</span> <span class='ocrx_word' id='word_1_38' title='bbox 1758 790 1870 856; x_wconf 89' lang='lat' dir='ltr'>debili-</span> 
     </span>
     <span class='ocr_line' id='line_1_5' title="bbox 281 909 1872 995; baseline -0.005 -11"><span class='ocrx_word' id='word_1_39' title='bbox 281 925 366 984; x_wconf 87' lang='lat' dir='ltr'>tates</span> <span class='ocrx_word' id='word_1_40' title='bbox 382 924 415 982; x_wconf 89' lang='lat' dir='ltr'>et</span> <span class='ocrx_word' id='word_1_41' title='bbox 430 923 540 983; x_wconf 89' lang='lat' dir='ltr'>cetera</span> <span class='ocrx_word' id='word_1_42' title='bbox 564 935 604 982; x_wconf 88' lang='lat' dir='ltr'>cx</span> <span class='ocrx_word' id='word_1_43' title='bbox 628 923 814 982; x_wconf 85' lang='lat' dir='ltr'>transverso</span> <span class='ocrx_word' id='word_1_44' title='bbox 837 915 870 980; x_wconf 93' lang='lat' dir='ltr'>in</span> <span class='ocrx_word' id='word_1_45' title='bbox 891 914 991 980; x_wconf 84' lang='lat' dir='ltr'>vitam</span> <span class='ocrx_word' id='word_1_46' title='bbox 1015 912 1187 978; x_wconf 88' lang='lat' dir='ltr'>humanam</span> <span class='ocrx_word' id='word_1_47' title='bbox 1209 910 1414 977; x_wconf 80' lang='lat' dir='ltr'><strong>incurrentia.</strong></span> <span class='ocrx_word' id='word_1_48' title='bbox 1445 909 1550 994; x_wconf 78' lang='lat' dir='ltr'>(Haec</span> <span class='ocrx_word' id='word_1_49' title='bbox 1572 911 1689 976; x_wconf 91' lang='lat' dir='ltr'>locutio</span> <span class='ocrx_word' id='word_1_50' title='bbox 1701 909 1770 993; x_wconf 90' lang='lat' dir='ltr'>jam</span> <span class='ocrx_word' id='word_1_51' title='bbox 1785 910 1872 995; x_wconf 88' lang='lat' dir='ltr'>apud</span> 
     </span>
     <span class='ocr_line' id='line_1_6' title="bbox 287 1029 1870 1119; baseline -0.005 -17"><span class='ocrx_word' id='word_1_52' title='bbox 287 1037 436 1102; x_wconf 91' lang='lat' dir='ltr'>Plautum</span> <span class='ocrx_word' id='word_1_53' title='bbox 471 1042 586 1118; x_wconf 82' lang='lat' dir='ltr'>exstat,</span> <span class='ocrx_word' id='word_1_54' title='bbox 623 1035 684 1119; x_wconf 92' lang='lat' dir='ltr'>„de</span> <span class='ocrx_word' id='word_1_55' title='bbox 719 1035 922 1100; x_wconf 84' lang='lat' dir='ltr'>transverso“</span> <span class='ocrx_word' id='word_1_56' title='bbox 960 1032 1048 1118; x_wconf 86' lang='lat' dir='ltr'>apud</span> <span class='ocrx_word' id='word_1_57' title='bbox 1070 1031 1134 1097; x_wconf 85' lang='lat' dir='ltr'>Oio.</span> <span class='ocrx_word' id='word_1_58' title='bbox 1164 1037 1197 1096; x_wconf 90' lang='lat' dir='ltr'>et</span> <span class='ocrx_word' id='word_1_59' title='bbox 1218 1032 1346 1097; x_wconf 79' lang='lat' dir='ltr'>Auctor.</span> <span class='ocrx_word' id='word_1_60' title='bbox 1379 1029 1423 1096; x_wconf 90' lang='lat' dir='ltr'>ud</span> <span class='ocrx_word' id='word_1_61' title='bbox 1446 1029 1596 1113; x_wconf 82' lang='lat' dir='ltr'>Hereum,</span> <span class='ocrx_word' id='word_1_62' title='bbox 1628 1029 1680 1117; x_wconf 89' lang='lat' dir='ltr'>„in</span> <span class='ocrx_word' id='word_1_63' title='bbox 1714 1037 1870 1096; x_wconf 87' lang='lat' dir='ltr'>transver-</span> 
     </span>
     <span class='ocr_line' id='line_1_7' title="bbox 281 1148 1871 1240; baseline -0.004 -18"><span class='ocrx_word' id='word_1_64' title='bbox 281 1157 372 1222; x_wconf 91' lang='lat' dir='ltr'>sum“</span> <span class='ocrx_word' id='word_1_65' title='bbox 394 1163 426 1220; x_wconf 91' lang='lat' dir='ltr'>et</span> <span class='ocrx_word' id='word_1_66' title='bbox 449 1175 528 1240; x_wconf 86' lang='lat' dir='ltr'>„per</span> <span class='ocrx_word' id='word_1_67' title='bbox 551 1155 790 1220; x_wconf 85' lang='lat' dir='ltr'>transversnm“</span> <span class='ocrx_word' id='word_1_68' title='bbox 813 1172 864 1238; x_wconf 87' lang='lat' dir='ltr'>ap.</span> <span class='ocrx_word' id='word_1_69' title='bbox 891 1153 972 1217; x_wconf 90' lang='lat' dir='ltr'>Plin.</span> <span class='ocrx_word' id='word_1_70' title='bbox 1003 1150 1157 1235; x_wconf 85' lang='lat' dir='ltr'>majorem</span> <span class='ocrx_word' id='word_1_71' title='bbox 1189 1149 1328 1236; x_wconf 83' lang='lat' dir='ltr'>saepius</span> <span class='ocrx_word' id='word_1_72' title='bbox 1373 1149 1516 1216; x_wconf 82' lang='lat' dir='ltr'>Senecae</span> <span class='ocrx_word' id='word_1_73' title='bbox 1546 1148 1684 1233; x_wconf 86' lang='lat' dir='ltr'>quidem,</span> <span class='ocrx_word' id='word_1_74' title='bbox 1715 1169 1786 1214; x_wconf 90' lang='lat' dir='ltr'>cum</span> <span class='ocrx_word' id='word_1_75' title='bbox 1815 1149 1871 1215; x_wconf 90' lang='lat' dir='ltr'>illa</span> 
     </span>
     <span class='ocr_line' id='line_1_8' title="bbox 282 1269 1872 1358; baseline -0.003 -18"><span class='ocrx_word' id='word_1_76' title='bbox 282 1274 447 1358; x_wconf 75' lang='lat' dir='ltr'>scriberet,</span> <span class='ocrx_word' id='word_1_77' title='bbox 471 1274 582 1340; x_wconf 89' lang='lat' dir='ltr'>nescio</span> <span class='ocrx_word' id='word_1_78' title='bbox 605 1293 647 1338; x_wconf 89' lang='lat' dir='ltr'>an</span> <span class='ocrx_word' id='word_1_79' title='bbox 673 1275 761 1340; x_wconf 89' lang='lat' dir='ltr'>locus</span> <span class='ocrx_word' id='word_1_80' title='bbox 785 1271 1020 1338; x_wconf 77' lang='lat' dir='ltr'>Ciceronianus</span> <span class='ocrx_word' id='word_1_81' title='bbox 1049 1270 1238 1336; x_wconf 89' lang='lat' dir='ltr'>obversatus</span> <span class='ocrx_word' id='word_1_82' title='bbox 1261 1271 1312 1356; x_wconf 88' lang='lat' dir='ltr'>sit,</span> <span class='ocrx_word' id='word_1_83' title='bbox 1335 1269 1389 1335; x_wconf 90' lang='lat' dir='ltr'>ubi</span> <span class='ocrx_word' id='word_1_84' title='bbox 1411 1269 1491 1335; x_wconf 88' lang='lat' dir='ltr'>haec</span> <span class='ocrx_word' id='word_1_85' title='bbox 1514 1270 1682 1352; x_wconf 83' lang='lat' dir='ltr'>leguntur:</span> <span class='ocrx_word' id='word_1_86' title='bbox 1714 1269 1815 1355; x_wconf 83' lang='lat' dir='ltr'>Cujus</span> <span class='ocrx_word' id='word_1_87' title='bbox 1838 1270 1872 1336; x_wconf 90' lang='lat' dir='ltr'>in</span> 
     </span>
     <span class='ocr_line' id='line_1_9' title="bbox 283 1388 1872 1479; baseline -0.003 -19"><span class='ocrx_word' id='word_1_88' title='bbox 283 1394 545 1476; x_wconf 84' lang='lat' dir='ltr'>adolescentiam,</span> <span class='ocrx_word' id='word_1_89' title='bbox 571 1414 631 1479; x_wconf 90' lang='lat' dir='ltr'>per</span> <span class='ocrx_word' id='word_1_90' title='bbox 648 1393 771 1459; x_wconf 88' lang='lat' dir='ltr'>medias</span> <span class='ocrx_word' id='word_1_91' title='bbox 791 1392 904 1459; x_wconf 89' lang='lat' dir='ltr'>laudes</span> <span class='ocrx_word' id='word_1_92' title='bbox 916 1391 1010 1475; x_wconf 91' lang='lat' dir='ltr'>qnasi</span> <span class='ocrx_word' id='word_1_93' title='bbox 1027 1389 1194 1474; x_wconf 80' lang='lat' dir='ltr'>quadrigis</span> <span class='ocrx_word' id='word_1_94' title='bbox 1206 1390 1385 1474; x_wconf 80' lang='lat' dir='ltr'>vehentem,</span> <span class='ocrx_word' id='word_1_95' title='bbox 1407 1395 1591 1456; x_wconf 87' lang='lat' dir='ltr'>transversa</span> <span class='ocrx_word' id='word_1_96' title='bbox 1607 1388 1740 1470; x_wconf 84' lang='lat' dir='ltr'>incurrit</span> <span class='ocrx_word' id='word_1_97' title='bbox 1754 1389 1872 1456; x_wconf 85' lang='lat' dir='ltr'>misera</span> 
     </span>
     <span class='ocr_line' id='line_1_10' title="bbox 282 1511 657 1598; baseline -0.005 -18"><span class='ocrx_word' id='word_1_98' title='bbox 282 1515 411 1584; x_wconf 81' lang='lat' dir='ltr'>tortuna</span> <span class='ocrx_word' id='word_1_99' title='bbox 433 1511 657 1598; x_wconf 83' lang='lat' dir='ltr'>reipublicae.)</span> 
     </span>
    </p>

    <p class='ocr_par' dir='ltr' id='par_1_4' title="bbox 283 1628 1871 1957">
     <span class='ocr_line' id='line_1_11' title="bbox 369 1628 1871 1718; baseline 0 -22"><span class='ocrx_word' id='word_1_100' title='bbox 369 1633 409 1696; x_wconf 94' lang='lat' dir='ltr'>in</span> <span class='ocrx_word' id='word_1_101' title='bbox 431 1639 520 1698; x_wconf 90' lang='lat' dir='ltr'>tuto</span> <span class='ocrx_word' id='word_1_102' title='bbox 547 1631 631 1698; x_wconf 89' lang='lat' dir='ltr'>Dial.</span> <span class='ocrx_word' id='word_1_103' title='bbox 655 1632 714 1718; x_wconf 87' lang='lat'>111,</span> <span class='ocrx_word' id='word_1_104' title='bbox 736 1633 767 1717; x_wconf 84' lang='lat'>3,</span> <span class='ocrx_word' id='word_1_105' title='bbox 789 1634 811 1697; x_wconf 87' lang='lat'>4</span> <span class='ocrx_word' id='word_1_106' title='bbox 833 1630 946 1696; x_wconf 88' lang='lat' dir='ltr'>Potest</span> <span class='ocrx_word' id='word_1_107' title='bbox 969 1650 1047 1715; x_wconf 86' lang='lat' dir='ltr'>ergo</span> <span class='ocrx_word' id='word_1_108' title='bbox 1070 1629 1179 1694; x_wconf 89' lang='lat' dir='ltr'>atille</span> <span class='ocrx_word' id='word_1_109' title='bbox 1201 1667 1244 1676; x_wconf 90' lang='lat'>—</span> <span class='ocrx_word' id='word_1_110' title='bbox 1266 1629 1298 1692; x_wconf 92' lang='lat' dir='ltr'>in</span> <span class='ocrx_word' id='word_1_111' title='bbox 1321 1634 1390 1693; x_wconf 90' lang='lat' dir='ltr'>tuto</span> <span class='ocrx_word' id='word_1_112' title='bbox 1419 1628 1612 1716; x_wconf 79' lang='lat' dir='ltr'>subsistere3</span> <span class='ocrx_word' id='word_1_113' title='bbox 1640 1629 1724 1697; x_wconf 84' lang='lat' dir='ltr'>Dial.</span> <span class='ocrx_word' id='word_1_114' title='bbox 1748 1631 1789 1718; x_wconf 88' lang='lat' dir='ltr'>X,</span> <span class='ocrx_word' id='word_1_115' title='bbox 1806 1631 1871 1716; x_wconf 82' lang='lat' dir='ltr'>t‚9</span> 
     </span>
     <span class='ocr_line' id='line_1_12' title="bbox 283 1747 1871 1836; baseline -0.001 -19"><span class='ocrx_word' id='word_1_116' title='bbox 283 1753 351 1818; x_wconf 82' lang='lat' dir='ltr'>vite</span> <span class='ocrx_word' id='word_1_117' title='bbox 364 1751 434 1836; x_wconf 87' lang='lat' dir='ltr'>jam</span> <span class='ocrx_word' id='word_1_118' title='bbox 458 1753 575 1818; x_wconf 94' lang='lat' dir='ltr'>intuto</span> <span class='ocrx_word' id='word_1_119' title='bbox 593 1759 657 1834; x_wconf 73' lang='lat' dir='ltr'>est,</span> <span class='ocrx_word' id='word_1_120' title='bbox 680 1751 781 1817; x_wconf 84' lang='lat' dir='ltr'>Clam.</span> <span class='ocrx_word' id='word_1_121' title='bbox 798 1751 823 1833; x_wconf 93' lang='lat' dir='ltr'>I,</span> <span class='ocrx_word' id='word_1_122' title='bbox 841 1753 857 1816; x_wconf 79' lang='lat'><strong>7</strong></span> <span class='ocrx_word' id='word_1_123' title='bbox 878 1749 950 1833; x_wconf 87' lang='lat' dir='ltr'>jam</span> <span class='ocrx_word' id='word_1_124' title='bbox 965 1754 1041 1814; x_wconf 84' lang='lat' dir='ltr'>vota</span> <span class='ocrx_word' id='word_1_125' title='bbox 1063 1747 1194 1834; x_wconf 87' lang='lat' dir='ltr'>publica</span> <span class='ocrx_word' id='word_1_126' title='bbox 1215 1748 1248 1813; x_wconf 92' lang='lat' dir='ltr'>in</span> <span class='ocrx_word' id='word_1_127' title='bbox 1270 1753 1339 1813; x_wconf 91' lang='lat' dir='ltr'>tuto</span> <span class='ocrx_word' id='word_1_128' title='bbox 1355 1754 1443 1832; x_wconf 72' lang='lat' dir='ltr'>suut,</span> <span class='ocrx_word' id='word_1_129' title='bbox 1465 1748 1685 1834; x_wconf 88' lang='lat' dir='ltr'>(praeiverunt</span> <span class='ocrx_word' id='word_1_130' title='bbox 1700 1749 1871 1816; x_wconf 79' lang='lat' dir='ltr'>Terentius</span> 
     </span>
     <span class='ocr_line' id='line_1_13' title="bbox 285 1871 476 1957; baseline 0.01 -21"><span class='ocrx_word' id='word_1_131' title='bbox 285 1871 476 1957; x_wconf 72' lang='lat' dir='ltr'>cecinero.)</span> 
     </span>
    </p>

    <p class='ocr_par' dir='ltr' id='par_1_5' title="bbox 283 1987 1872 2196">
     <span class='ocr_line' id='line_1_14' title="bbox 370 1987 1872 2076; baseline 0.001 -21"><span class='ocrx_word' id='word_1_132' title='bbox 370 1990 409 2056; x_wconf 94' lang='lat' dir='ltr'>in</span> <span class='ocrx_word' id='word_1_133' title='bbox 432 1997 561 2056; x_wconf 90' lang='lat' dir='ltr'>tntum</span> <span class='ocrx_word' id='word_1_134' title='bbox 588 1991 646 2076; x_wconf 84' lang='lat' dir='ltr'>Ep.</span> <span class='ocrx_word' id='word_1_135' title='bbox 673 1993 721 2074; x_wconf 87' lang='grc'><strong>14,</strong></span> <span class='ocrx_word' id='word_1_136' title='bbox 744 1991 765 2056; x_wconf 84' lang='lat'><strong>3</strong></span> <span class='ocrx_word' id='word_1_137' title='bbox 788 1998 821 2056; x_wconf 91' lang='lat' dir='ltr'>et</span> <span class='ocrx_word' id='word_1_138' title='bbox 844 1989 877 2055; x_wconf 91' lang='lat' dir='ltr'>in</span> <span class='ocrx_word' id='word_1_139' title='bbox 910 1997 1015 2056; x_wconf 90' lang='lat' dir='ltr'>tutum</span> <span class='ocrx_word' id='word_1_140' title='bbox 1045 2009 1104 2054; x_wconf 90' lang='lat' dir='ltr'>nos</span> <span class='ocrx_word' id='word_1_141' title='bbox 1127 1988 1333 2070; x_wconf 71' lang='lat' dir='ltr'>reducamus,</span> <span class='ocrx_word' id='word_1_142' title='bbox 1361 1987 1522 2072; x_wconf 90' lang='lat' dir='ltr'>(similiter</span> <span class='ocrx_word' id='word_1_143' title='bbox 1543 1988 1647 2056; x_wconf 86' lang='lat' dir='ltr'>Plaut.</span> <span class='ocrx_word' id='word_1_144' title='bbox 1671 1989 1739 2054; x_wconf 88' lang='lat' dir='ltr'>Liv.</span> <span class='ocrx_word' id='word_1_145' title='bbox 1762 1991 1872 2076; x_wconf 87' lang='lat' dir='ltr'>Nepos</span> 
     </span>
     <span class='ocr_line' id='line_1_15' title="bbox 283 2111 500 2196; baseline -0.005 -21"><span class='ocrx_word' id='word_1_146' title='bbox 283 2111 380 2176; x_wconf 90' lang='lat' dir='ltr'>locuti</span> <span class='ocrx_word' id='word_1_147' title='bbox 402 2111 500 2196; x_wconf 85' lang='lat' dir='ltr'>sunt.)</span> 
     </span>
    </p>

    <p class='ocr_par' dir='ltr' id='par_1_6' title="bbox 368 2228 1871 2314">
     <span class='ocr_line' id='line_1_16' title="bbox 368 2228 1871 2314; baseline 0 -20"><span class='ocrx_word' id='word_1_148' title='bbox 368 2228 418 2294; x_wconf 89' lang='lat' dir='ltr'>ad</span> <span class='ocrx_word' id='word_1_149' title='bbox 440 2229 631 2294; x_wconf 89' lang='lat' dir='ltr'>ultimum</span> <span class='ocrx_word' id='word_1_150' title='bbox 654 2228 740 2294; x_wconf 90' lang='lat' dir='ltr'>Dial.</span> <span class='ocrx_word' id='word_1_151' title='bbox 755 2229 809 2312; x_wconf 87' lang='lat' dir='ltr'>IV,</span> <span class='ocrx_word' id='word_1_152' title='bbox 826 2231 875 2313; x_wconf 90' lang='grc'>26,</span> <span class='ocrx_word' id='word_1_153' title='bbox 899 2231 920 2295; x_wconf 88' lang='lat'><strong>3</strong></span> <span class='ocrx_word' id='word_1_154' title='bbox 942 2228 984 2296; x_wconf 91' lang='lat' dir='ltr'>ad</span> <span class='ocrx_word' id='word_1_155' title='bbox 1008 2229 1153 2294; x_wconf 89' lang='lat' dir='ltr'>ultimum</span> <span class='ocrx_word' id='word_1_156' title='bbox 1175 2228 1254 2310; x_wconf 88' lang='lat' dir='ltr'>quid</span> <span class='ocrx_word' id='word_1_157' title='bbox 1276 2235 1326 2294; x_wconf 91' lang='lat' dir='ltr'>est</span> <span class='ocrx_word' id='word_1_158' title='bbox 1347 2228 1527 2294; x_wconf 88' lang='lat' dir='ltr'>dementius</span> <span class='ocrx_word' id='word_1_159' title='bbox 1547 2231 1612 2295; x_wconf 80' lang='lat'>-?</span> <span class='ocrx_word' id='word_1_160' title='bbox 1627 2232 1666 2296; x_wconf 88' lang='lat' dir='ltr'>N.</span> <span class='ocrx_word' id='word_1_161' title='bbox 1683 2231 1721 2309; x_wconf 82' lang='lat' dir='ltr'>Q.</span> <span class='ocrx_word' id='word_1_162' title='bbox 1736 2231 1789 2314; x_wconf 89' lang='lat' dir='ltr'>Vl,</span> <span class='ocrx_word' id='word_1_163' title='bbox 1805 2233 1871 2312; x_wconf 87' lang='grc'><strong>6,4</strong></span> 
     </span>
    </p>
   </div>
   <div class='ocr_carea' id='block_1_3' title="bbox 282 2347 1872 2795">
    <p class='ocr_par' dir='ltr' id='par_1_7' title="bbox 284 2347 1871 2436">
     <span class='ocr_line' id='line_1_17' title="bbox 284 2347 1871 2436; baseline 0.001 -22"><span class='ocrx_word' id='word_1_164' title='bbox 284 2348 424 2414; x_wconf 88' lang='lat' dir='ltr'>Primum</span> <span class='ocrx_word' id='word_1_165' title='bbox 446 2387 489 2396; x_wconf 91' lang='lat'>-</span> <span class='ocrx_word' id='word_1_166' title='bbox 511 2348 629 2414; x_wconf 91' lang='lat' dir='ltr'>deinde</span> <span class='ocrx_word' id='word_1_167' title='bbox 653 2385 695 2397; x_wconf 92' lang='lat'>-</span> <span class='ocrx_word' id='word_1_168' title='bbox 718 2349 761 2414; x_wconf 90' lang='lat' dir='ltr'>ad</span> <span class='ocrx_word' id='word_1_169' title='bbox 786 2350 946 2432; x_wconf 67' lang='lat' dir='ltr'>ultimum</span> <span class='ocrx_word' id='word_1_170' title='bbox 969 2349 1045 2415; x_wconf 79' lang='lat' dir='ltr'>Bau,</span> <span class='ocrx_word' id='word_1_171' title='bbox 1062 2348 1115 2432; x_wconf 93' lang='lat' dir='ltr'>VI,</span> <span class='ocrx_word' id='word_1_172' title='bbox 1137 2349 1188 2432; x_wconf 90' lang='grc'>26,</span> <span class='ocrx_word' id='word_1_173' title='bbox 1212 2351 1228 2413; x_wconf 94' lang='grc'>1</span> <span class='ocrx_word' id='word_1_174' title='bbox 1258 2348 1321 2432; x_wconf 89' lang='lat' dir='ltr'>„ad</span> <span class='ocrx_word' id='word_1_175' title='bbox 1342 2347 1506 2413; x_wconf 87' lang='lat' dir='ltr'>ultimum“</span> <span class='ocrx_word' id='word_1_176' title='bbox 1535 2358 1660 2433; x_wconf 87' lang='lat' dir='ltr'>tempus</span> <span class='ocrx_word' id='word_1_177' title='bbox 1682 2349 1813 2436; x_wconf 84' lang='lat' dir='ltr'>indicat,</span> <span class='ocrx_word' id='word_1_178' title='bbox 1837 2361 1871 2416; x_wconf 85' lang='lat' dir='ltr'>ut</span> 
     </span>
    </p>

    <p class='ocr_par' dir='ltr' id='par_1_8' title="bbox 282 2463 1872 2673">
     <span class='ocr_line' id='line_1_18' title="bbox 282 2463 1828 2550; baseline 0.002 -17"><span class='ocrx_word' id='word_1_179' title='bbox 282 2467 351 2550; x_wconf 88' lang='lat' dir='ltr'>jam</span> <span class='ocrx_word' id='word_1_180' title='bbox 374 2468 486 2537; x_wconf 88' lang='lat' dir='ltr'>Livius</span> <span class='ocrx_word' id='word_1_181' title='bbox 509 2466 599 2533; x_wconf 87' lang='lat' dir='ltr'>dixit.</span> <span class='ocrx_word' id='word_1_182' title='bbox 643 2471 682 2534; x_wconf 88' lang='lat' dir='ltr'>In</span> <span class='ocrx_word' id='word_1_183' title='bbox 711 2468 953 2534; x_wconf 84' lang='lat' dir='ltr'>enumeratione</span> <span class='ocrx_word' id='word_1_184' title='bbox 975 2463 1102 2532; x_wconf 83' lang='lat' dir='ltr'>Seneca</span> <span class='ocrx_word' id='word_1_185' title='bbox 1123 2469 1211 2534; x_wconf 89' lang='lat' dir='ltr'>solus</span> <span class='ocrx_word' id='word_1_186' title='bbox 1234 2467 1295 2532; x_wconf 87' lang='lat' dir='ltr'>bac</span> <span class='ocrx_word' id='word_1_187' title='bbox 1317 2467 1477 2533; x_wconf 89' lang='lat' dir='ltr'>locutione</span> <span class='ocrx_word' id='word_1_188' title='bbox 1500 2486 1577 2534; x_wconf 89' lang='lat' dir='ltr'>usus</span> <span class='ocrx_word' id='word_1_189' title='bbox 1599 2487 1672 2536; x_wconf 88' lang='lat' dir='ltr'>esse</span> <span class='ocrx_word' id='word_1_190' title='bbox 1693 2469 1828 2537; x_wconf 84' lang='lat' dir='ltr'>videtur.</span> 
     </span>
     <span class='ocr_line' id='line_1_19' title="bbox 370 2585 1872 2673; baseline 0.002 -20"><span class='ocrx_word' id='word_1_191' title='bbox 370 2589 409 2654; x_wconf 92' lang='lat' dir='ltr'>in</span> <span class='ocrx_word' id='word_1_192' title='bbox 432 2589 669 2655; x_wconf 86' lang='lat' dir='ltr'>universum</span> <span class='ocrx_word' id='word_1_193' title='bbox 694 2589 752 2673; x_wconf 85' lang='lat' dir='ltr'>Ep.</span> <span class='ocrx_word' id='word_1_194' title='bbox 775 2588 870 2672; x_wconf 90' lang='grc'>22,2</span> <span class='ocrx_word' id='word_1_195' title='bbox 906 2587 992 2664; x_wconf 83' lang='lat' dir='ltr'>Quid</span> <span class='ocrx_word' id='word_1_196' title='bbox 1031 2587 1100 2652; x_wconf 89' lang='lat' dir='ltr'>ficri</span> <span class='ocrx_word' id='word_1_197' title='bbox 1132 2587 1242 2664; x_wconf 83' lang='lat' dir='ltr'>soleat,</span> <span class='ocrx_word' id='word_1_198' title='bbox 1267 2585 1344 2670; x_wconf 92' lang='lat' dir='ltr'>qnid</span> <span class='ocrx_word' id='word_1_199' title='bbox 1372 2593 1528 2673; x_wconf 88' lang='lat' dir='ltr'>oporteat,</span> <span class='ocrx_word' id='word_1_200' title='bbox 1563 2589 1595 2652; x_wconf 91' lang='lat' dir='ltr'>in</span> <span class='ocrx_word' id='word_1_201' title='bbox 1626 2589 1809 2657; x_wconf 87' lang='lat' dir='ltr'>universum</span> <span class='ocrx_word' id='word_1_202' title='bbox 1839 2601 1872 2658; x_wconf 92' lang='lat' dir='ltr'>et</span> 
     </span>
    </p>

    <p class='ocr_par' dir='ltr' id='par_1_9' title="bbox 286 2705 1870 2795">
     <span class='ocr_line' id='line_1_20' title="bbox 286 2705 1870 2795; baseline 0.003 -23"><span class='ocrx_word' id='word_1_203' title='bbox 286 2707 433 2772; x_wconf 86' lang='lat' dir='ltr'>mandari</span> <span class='ocrx_word' id='word_1_204' title='bbox 463 2715 571 2793; x_wconf 87' lang='lat' dir='ltr'>potest</span> <span class='ocrx_word' id='word_1_205' title='bbox 594 2717 627 2773; x_wconf 91' lang='lat' dir='ltr'>et</span> <span class='ocrx_word' id='word_1_206' title='bbox 649 2707 763 2793; x_wconf 71' lang='lat' dir='ltr'>scribi,</span> <span class='ocrx_word' id='word_1_207' title='bbox 792 2709 862 2792; x_wconf 92' lang='lat'>100,</span> <span class='ocrx_word' id='word_1_208' title='bbox 887 2709 927 2772; x_wconf 87' lang='grc'>12</span> <span class='ocrx_word' id='word_1_209' title='bbox 952 2707 1101 2772; x_wconf 83' lang='lat' dir='ltr'>Ceterum</span> <span class='ocrx_word' id='word_1_210' title='bbox 1123 2706 1232 2772; x_wconf 85' lang='lat' dir='ltr'>verbis</span> <span class='ocrx_word' id='word_1_211' title='bbox 1253 2705 1440 2772; x_wconf 81' lang='lat' dir='ltr'>abundabat</span> <span class='ocrx_word' id='word_1_212' title='bbox 1461 2706 1666 2795; x_wconf 81' lang='lat' dir='ltr'>(Fabianus),</span> <span class='ocrx_word' id='word_1_213' title='bbox 1695 2710 1765 2776; x_wconf 89' lang='lat' dir='ltr'>sine</span> <span class='ocrx_word' id='word_1_214' title='bbox 1789 2731 1870 2777; x_wconf 91' lang='lat' dir='ltr'>com-</span> 
     </span>
    </p>
   </div>
   <div class='ocr_carea' id='block_1_4' title="bbox 283 2825 1874 4708">
    <p class='ocr_par' dir='ltr' id='par_1_10' title="bbox 286 2825 1872 3032">
     <span class='ocr_line' id='line_1_21' title="bbox 286 2825 1872 2913; baseline 0.003 -21"><span class='ocrx_word' id='word_1_215' title='bbox 286 2827 491 2894; x_wconf 88' lang='lat' dir='ltr'>mendatione</span> <span class='ocrx_word' id='word_1_216' title='bbox 522 2826 661 2913; x_wconf 85' lang='lat' dir='ltr'>partium</span> <span class='ocrx_word' id='word_1_217' title='bbox 692 2827 893 2911; x_wconf 84' lang='lat' dir='ltr'>singularum</span> <span class='ocrx_word' id='word_1_218' title='bbox 920 2827 952 2892; x_wconf 92' lang='lat' dir='ltr'>iu</span> <span class='ocrx_word' id='word_1_219' title='bbox 976 2827 1158 2892; x_wconf 83' lang='lat' dir='ltr'>universum</span> <span class='ocrx_word' id='word_1_220' title='bbox 1189 2825 1387 2910; x_wconf 82' lang='lat' dir='ltr'>magnificus.</span> <span class='ocrx_word' id='word_1_221' title='bbox 1433 2826 1569 2910; x_wconf 87' lang='lat' dir='ltr'>(Eadem</span> <span class='ocrx_word' id='word_1_222' title='bbox 1591 2828 1624 2892; x_wconf 89' lang='lat' dir='ltr'>vi</span> <span class='ocrx_word' id='word_1_223' title='bbox 1647 2827 1727 2895; x_wconf 89' lang='lat' dir='ltr'>baec</span> <span class='ocrx_word' id='word_1_224' title='bbox 1754 2830 1872 2898; x_wconf 91' lang='lat' dir='ltr'>locutio</span> 
     </span>
     <span class='ocr_line' id='line_1_22' title="bbox 288 2945 1191 3032; baseline -0.002 -20"><span class='ocrx_word' id='word_1_225' title='bbox 288 2947 375 3032; x_wconf 87' lang='lat' dir='ltr'>apud</span> <span class='ocrx_word' id='word_1_226' title='bbox 399 2946 536 3031; x_wconf 90' lang='lat' dir='ltr'>Livium,</span> <span class='ocrx_word' id='word_1_227' title='bbox 558 2947 641 3012; x_wconf 82' lang='lat' dir='ltr'>Ptin.</span> <span class='ocrx_word' id='word_1_228' title='bbox 665 2947 751 3031; x_wconf 78' lang='lat' dir='ltr'>maj,</span> <span class='ocrx_word' id='word_1_229' title='bbox 775 2947 923 3012; x_wconf 84' lang='lat' dir='ltr'>Tacitum</span> <span class='ocrx_word' id='word_1_230' title='bbox 946 2945 1096 3031; x_wconf 89' lang='lat' dir='ltr'>praedita</span> <span class='ocrx_word' id='word_1_231' title='bbox 1117 2945 1191 3032; x_wconf 88' lang='lat' dir='ltr'>est.)</span> 
     </span>
    </p>

    <p class='ocr_par' dir='ltr' id='par_1_11' title="bbox 286 3065 1870 3276">
     <span class='ocr_line' id='line_1_23' title="bbox 371 3065 1870 3154; baseline 0.003 -23"><span class='ocrx_word' id='word_1_232' title='bbox 371 3067 409 3131; x_wconf 93' lang='lat' dir='ltr'>in</span> <span class='ocrx_word' id='word_1_233' title='bbox 433 3085 548 3132; x_wconf 90' lang='lat' dir='ltr'>unum</span> <span class='ocrx_word' id='word_1_234' title='bbox 572 3066 657 3132; x_wconf 87' lang='lat' dir='ltr'>Dial.</span> <span class='ocrx_word' id='word_1_235' title='bbox 682 3066 718 3150; x_wconf 87' lang='lat' dir='ltr'>V,</span> <span class='ocrx_word' id='word_1_236' title='bbox 745 3067 793 3152; x_wconf 89' lang='grc'>16,</span> <span class='ocrx_word' id='word_1_237' title='bbox 816 3068 837 3131; x_wconf 92' lang='grc'>2</span> <span class='ocrx_word' id='word_1_238' title='bbox 859 3065 1004 3132; x_wconf 88' lang='lat' dir='ltr'>conferre</span> <span class='ocrx_word' id='word_1_239' title='bbox 1028 3065 1060 3130; x_wconf 90' lang='lat' dir='ltr'>iu</span> <span class='ocrx_word' id='word_1_240' title='bbox 1082 3085 1196 3149; x_wconf 71' lang='lat' dir='ltr'>unum,</span> <span class='ocrx_word' id='word_1_241' title='bbox 1219 3065 1298 3132; x_wconf 92' lang='lat' dir='ltr'>Ben.</span> <span class='ocrx_word' id='word_1_242' title='bbox 1324 3065 1377 3150; x_wconf 89' lang='lat' dir='ltr'>VI,</span> <span class='ocrx_word' id='word_1_243' title='bbox 1399 3068 1442 3131; x_wconf 87' lang='grc'>22</span> <span class='ocrx_word' id='word_1_244' title='bbox 1466 3077 1542 3133; x_wconf 88' lang='lat' dir='ltr'>eant</span> <span class='ocrx_word' id='word_1_245' title='bbox 1563 3068 1596 3133; x_wconf 93' lang='lat' dir='ltr'>in</span> <span class='ocrx_word' id='word_1_246' title='bbox 1619 3088 1716 3134; x_wconf 90' lang='lat' dir='ltr'>unum</span> <span class='ocrx_word' id='word_1_247' title='bbox 1748 3071 1870 3154; x_wconf 89' lang='lat' dir='ltr'>omuia;</span> 
     </span>
     <span class='ocr_line' id='line_1_24' title="bbox 286 3184 1829 3276; baseline 0.001 -24"><span class='ocrx_word' id='word_1_248' title='bbox 286 3187 344 3271; x_wconf 80' lang='lat' dir='ltr'>Ep.</span> <span class='ocrx_word' id='word_1_249' title='bbox 367 3188 417 3270; x_wconf 81' lang='lat'>85,</span> <span class='ocrx_word' id='word_1_250' title='bbox 440 3187 482 3251; x_wconf 92' lang='grc'>22</span> <span class='ocrx_word' id='word_1_251' title='bbox 505 3187 538 3250; x_wconf 91' lang='lat' dir='ltr'>in</span> <span class='ocrx_word' id='word_1_252' title='bbox 561 3205 658 3251; x_wconf 90' lang='lat' dir='ltr'>unum</span> <span class='ocrx_word' id='word_1_253' title='bbox 683 3192 804 3252; x_wconf 88' lang='lat' dir='ltr'>coacta.</span> <span class='ocrx_word' id='word_1_254' title='bbox 853 3185 1024 3270; x_wconf 81' lang='lat' dir='ltr'>(Similiter</span> <span class='ocrx_word' id='word_1_255' title='bbox 1045 3184 1173 3251; x_wconf 84' lang='lat' dir='ltr'>Sallust.</span> <span class='ocrx_word' id='word_1_256' title='bbox 1197 3184 1262 3252; x_wconf 83' lang='lat' dir='ltr'>Cic.</span> <span class='ocrx_word' id='word_1_257' title='bbox 1286 3185 1356 3253; x_wconf 86' lang='lat' dir='ltr'>Liv.</span> <span class='ocrx_word' id='word_1_258' title='bbox 1379 3186 1475 3270; x_wconf 80' lang='lat' dir='ltr'>Verg.</span> <span class='ocrx_word' id='word_1_259' title='bbox 1498 3186 1591 3254; x_wconf 86' lang='lat' dir='ltr'>Ouid.</span> <span class='ocrx_word' id='word_1_260' title='bbox 1614 3188 1711 3253; x_wconf 89' lang='lat' dir='ltr'>locuti</span> <span class='ocrx_word' id='word_1_261' title='bbox 1732 3190 1829 3276; x_wconf 87' lang='lat' dir='ltr'>sunt)</span> 
     </span>
    </p>

    <p class='ocr_par' dir='ltr' id='par_1_12' title="bbox 287 3304 1870 3510">
     <span class='ocr_line' id='line_1_25' title="bbox 371 3304 1870 3392; baseline 0.002 -21"><span class='ocrx_word' id='word_1_262' title='bbox 371 3307 432 3392; x_wconf 84' lang='lat' dir='ltr'>(ex</span> <span class='ocrx_word' id='word_1_263' title='bbox 455 3325 530 3371; x_wconf 90' lang='lat' dir='ltr'>nno</span> <span class='ocrx_word' id='word_1_264' title='bbox 552 3306 592 3372; x_wconf 80' lang='lat' dir='ltr'>N.</span> <span class='ocrx_word' id='word_1_265' title='bbox 618 3304 656 3382; x_wconf 67' lang='lat' dir='ltr'>Q</span> <span class='ocrx_word' id='word_1_266' title='bbox 680 3306 739 3390; x_wconf 90' lang='lat'>111,</span> <span class='ocrx_word' id='word_1_267' title='bbox 759 3307 847 3391; x_wconf 87' lang='grc'>29,2</span> <span class='ocrx_word' id='word_1_268' title='bbox 871 3324 976 3387; x_wconf 89' lang='lat' dir='ltr'>neque</span> <span class='ocrx_word' id='word_1_269' title='bbox 999 3305 1084 3369; x_wconf 88' lang='lat' dir='ltr'>enim</span> <span class='ocrx_word' id='word_1_270' title='bbox 1107 3325 1149 3371; x_wconf 85' lang='lat' dir='ltr'>ex</span> <span class='ocrx_word' id='word_1_271' title='bbox 1171 3324 1234 3370; x_wconf 92' lang='lat' dir='ltr'>uno</span> <span class='ocrx_word' id='word_1_272' title='bbox 1257 3312 1307 3370; x_wconf 91' lang='lat' dir='ltr'>est</span> <span class='ocrx_word' id='word_1_273' title='bbox 1329 3311 1419 3372; x_wconf 88' lang='lat' dir='ltr'>tauta</span> <span class='ocrx_word' id='word_1_274' title='bbox 1440 3307 1610 3392; x_wconf 87' lang='lat' dir='ltr'>pernicies,</span> <span class='ocrx_word' id='word_1_275' title='bbox 1632 3305 1686 3372; x_wconf 92' lang='lat' dir='ltr'>ubi</span> <span class='ocrx_word' id='word_1_276' title='bbox 1708 3327 1769 3392; x_wconf 84' lang='lat' dir='ltr'>„ex</span> <span class='ocrx_word' id='word_1_277' title='bbox 1787 3311 1870 3374; x_wconf 89' lang='lat' dir='ltr'>unc“</span> 
     </span>
     <span class='ocr_line' id='line_1_26' title="bbox 287 3423 888 3510; baseline 0.002 -19"><span class='ocrx_word' id='word_1_278' title='bbox 287 3423 371 3492; x_wconf 90' lang='lat' dir='ltr'>idem</span> <span class='ocrx_word' id='word_1_279' title='bbox 394 3425 462 3491; x_wconf 85' lang='lat' dir='ltr'>iere</span> <span class='ocrx_word' id='word_1_280' title='bbox 485 3432 655 3508; x_wconf 83' lang='lat' dir='ltr'>astatque</span> <span class='ocrx_word' id='word_1_281' title='bbox 677 3445 719 3490; x_wconf 84' lang='lat' dir='ltr'>ex</span> <span class='ocrx_word' id='word_1_282' title='bbox 741 3444 806 3490; x_wconf 93' lang='lat' dir='ltr'>una</span> <span class='ocrx_word' id='word_1_283' title='bbox 829 3425 888 3510; x_wconf 85' lang='lat' dir='ltr'>re.)</span> 
     </span>
    </p>

    <p class='ocr_par' dir='ltr' id='par_1_13' title="bbox 283 3543 1871 3750">
     <span class='ocr_line' id='line_1_27' title="bbox 370 3543 1871 3630; baseline 0.002 -20"><span class='ocrx_word' id='word_1_284' title='bbox 370 3545 605 3610; x_wconf 78' lang='lat' dir='ltr'>insacrum</span> <span class='ocrx_word' id='word_1_285' title='bbox 629 3544 783 3628; x_wconf 81' lang='lat' dir='ltr'>Diablll,</span> <span class='ocrx_word' id='word_1_286' title='bbox 800 3547 827 3628; x_wconf 91' lang='grc'><strong>1,</strong></span> <span class='ocrx_word' id='word_1_287' title='bbox 847 3545 867 3610; x_wconf 94' lang='grc'><strong>6</strong></span> <span class='ocrx_word' id='word_1_288' title='bbox 890 3552 1055 3609; x_wconf 87' lang='lat' dir='ltr'>taurorum</span> <span class='ocrx_word' id='word_1_289' title='bbox 1077 3563 1198 3610; x_wconf 91' lang='lat' dir='ltr'>cornua</span> <span class='ocrx_word' id='word_1_290' title='bbox 1213 3543 1379 3629; x_wconf 87' lang='lat' dir='ltr'>jactantur</span> <span class='ocrx_word' id='word_1_291' title='bbox 1401 3547 1433 3611; x_wconf 92' lang='lat' dir='ltr'>in</span> <span class='ocrx_word' id='word_1_292' title='bbox 1454 3565 1599 3613; x_wconf 86' lang='lat' dir='ltr'>vacuum.</span> <span class='ocrx_word' id='word_1_293' title='bbox 1645 3549 1700 3630; x_wconf 90' lang='lat' dir='ltr'>„In</span> <span class='ocrx_word' id='word_1_294' title='bbox 1715 3549 1871 3613; x_wconf 85' lang='lat' dir='ltr'>vacuum“</span> 
     </span>
     <span class='ocr_line' id='line_1_28' title="bbox 283 3657 1110 3750; baseline -0.001 -20"><span class='ocrx_word' id='word_1_295' title='bbox 283 3663 435 3730; x_wconf 90' lang='lat' dir='ltr'>hocloco</span> <span class='ocrx_word' id='word_1_296' title='bbox 458 3664 544 3729; x_wconf 91' lang='lat' dir='ltr'>idem</span> <span class='ocrx_word' id='word_1_297' title='bbox 567 3665 634 3730; x_wconf 89' lang='lat' dir='ltr'>fere</span> <span class='ocrx_word' id='word_1_298' title='bbox 657 3670 706 3730; x_wconf 88' lang='lat' dir='ltr'>est</span> <span class='ocrx_word' id='word_1_299' title='bbox 723 3683 762 3729; x_wconf 90' lang='lat' dir='ltr'>ac</span> <span class='ocrx_word' id='word_1_300' title='bbox 784 3663 912 3748; x_wconf 85' lang='lat' dir='ltr'>trustra,</span> <span class='ocrx_word' id='word_1_301' title='bbox 934 3657 982 3740; x_wconf 82' lang='grc' dir='ltr'>εἰς</span> <span class='ocrx_word' id='word_1_302' title='bbox 995 3659 1110 3750; x_wconf 71' lang='grc' dir='ltr'><em>μάτην.</em></span> 
     </span>
    </p>

    <p class='ocr_par' dir='ltr' id='par_1_14' title="bbox 283 3782 1873 4096">
     <span class='ocr_line' id='line_1_29' title="bbox 370 3782 1873 3871; baseline 0.002 -21"><span class='ocrx_word' id='word_1_303' title='bbox 370 3785 410 3850; x_wconf 91' lang='lat' dir='ltr'>in</span> <span class='ocrx_word' id='word_1_304' title='bbox 431 3803 576 3849; x_wconf 88' lang='lat' dir='ltr'>vanum</span> <span class='ocrx_word' id='word_1_305' title='bbox 599 3783 764 3868; x_wconf 81' lang='lat' dir='ltr'>np.31,4</span> <span class='ocrx_word' id='word_1_306' title='bbox 788 3782 897 3865; x_wconf 88' lang='lat' dir='ltr'>itaque</span> <span class='ocrx_word' id='word_1_307' title='bbox 923 3782 956 3847; x_wconf 93' lang='lat' dir='ltr'>in</span> <span class='ocrx_word' id='word_1_308' title='bbox 978 3802 1095 3848; x_wconf 87' lang='lat' dir='ltr'>vanum</span> <span class='ocrx_word' id='word_1_309' title='bbox 1119 3801 1272 3868; x_wconf 86' lang='lat' dir='ltr'>operosos</span> <span class='ocrx_word' id='word_1_310' title='bbox 1294 3784 1489 3870; x_wconf 86' lang='lat' dir='ltr'>culpaverim</span> <span class='ocrx_word' id='word_1_311' title='bbox 1511 3815 1554 3842; x_wconf 91' lang='lat'><strong><em>=</em></strong></span> <span class='ocrx_word' id='word_1_312' title='bbox 1574 3787 1702 3851; x_wconf 85' lang='lat' dir='ltr'>frustra.</span> <span class='ocrx_word' id='word_1_313' title='bbox 1734 3785 1873 3871; x_wconf 84' lang='lat' dir='ltr'>(Seneca</span> 
     </span>
     <span class='ocr_line' id='line_1_30' title="bbox 284 3901 1866 3990; baseline 0.001 -18"><span class='ocrx_word' id='word_1_314' title='bbox 284 3905 371 3972; x_wconf 90' lang='lat' dir='ltr'>solus</span> <span class='ocrx_word' id='word_1_315' title='bbox 393 3904 441 3971; x_wconf 87' lang='lat' dir='ltr'>sic</span> <span class='ocrx_word' id='word_1_316' title='bbox 462 3906 587 3969; x_wconf 90' lang='lat' dir='ltr'>locutus</span> <span class='ocrx_word' id='word_1_317' title='bbox 609 3922 682 3969; x_wconf 87' lang='lat' dir='ltr'>esse</span> <span class='ocrx_word' id='word_1_318' title='bbox 704 3901 842 3985; x_wconf 88' lang='lat' dir='ltr'>videtur,</span> <span class='ocrx_word' id='word_1_319' title='bbox 869 3902 956 3986; x_wconf 92' lang='lat' dir='ltr'>apud</span> <span class='ocrx_word' id='word_1_320' title='bbox 982 3902 1107 3968; x_wconf 85' lang='lat' dir='ltr'>Livium</span> <span class='ocrx_word' id='word_1_321' title='bbox 1131 3909 1239 3968; x_wconf 84' lang='lat' dir='ltr'>exstat</span> <span class='ocrx_word' id='word_1_322' title='bbox 1260 3902 1323 3987; x_wconf 90' lang='lat' dir='ltr'>„ad</span> <span class='ocrx_word' id='word_1_323' title='bbox 1344 3906 1481 3970; x_wconf 88' lang='lat' dir='ltr'>vanum“</span> <span class='ocrx_word' id='word_1_324' title='bbox 1504 3915 1537 3970; x_wconf 90' lang='lat' dir='ltr'>et</span> <span class='ocrx_word' id='word_1_325' title='bbox 1558 3925 1618 3989; x_wconf 81' lang='lat' dir='ltr'>„ex</span> <span class='ocrx_word' id='word_1_326' title='bbox 1636 3905 1739 3972; x_wconf 87' lang='lat' dir='ltr'>vano“</span> <span class='ocrx_word' id='word_1_327' title='bbox 1760 3907 1811 3990; x_wconf 87' lang='lat'>33,</span> <span class='ocrx_word' id='word_1_328' title='bbox 1829 3909 1866 3972; x_wconf 88' lang='lat'>31</span> 
     </span>
     <span class='ocr_line' id='line_1_31' title="bbox 283 4021 931 4096; baseline -0.006 -6"><span class='ocrx_word' id='word_1_329' title='bbox 283 4045 346 4090; x_wconf 93' lang='lat' dir='ltr'>nou</span> <span class='ocrx_word' id='word_1_330' title='bbox 369 4029 438 4090; x_wconf 90' lang='lat' dir='ltr'>tota</span> <span class='ocrx_word' id='word_1_331' title='bbox 459 4043 501 4089; x_wconf 87' lang='lat' dir='ltr'>ex</span> <span class='ocrx_word' id='word_1_332' title='bbox 524 4042 609 4088; x_wconf 85' lang='lat' dir='ltr'>vano</span> <span class='ocrx_word' id='word_1_333' title='bbox 632 4021 814 4089; x_wconf 87' lang='lat' dir='ltr'>criminatio</span> <span class='ocrx_word' id='word_1_334' title='bbox 839 4029 931 4096; x_wconf 83' lang='lat' dir='ltr'>erat.)</span> 
     </span>
    </p>

    <p class='ocr_par' dir='ltr' id='par_1_15' title="bbox 284 4141 1873 4468">
     <span class='ocr_line' id='line_1_32' title="bbox 369 4141 1872 4232; baseline 0.001 -24"><span class='ocrx_word' id='word_1_335' title='bbox 369 4163 416 4208; x_wconf 84' lang='lat' dir='ltr'>cx</span> <span class='ocrx_word' id='word_1_336' title='bbox 438 4162 539 4208; x_wconf 79' lang='lat' dir='ltr'>vero</span> <span class='ocrx_word' id='word_1_337' title='bbox 563 4141 648 4208; x_wconf 88' lang='lat' dir='ltr'>Dial.</span> <span class='ocrx_word' id='word_1_338' title='bbox 664 4142 718 4226; x_wconf 89' lang='lat' dir='ltr'>VI,</span> <span class='ocrx_word' id='word_1_339' title='bbox 731 4143 784 4220; x_wconf 81' lang='grc'>25,</span> <span class='ocrx_word' id='word_1_340' title='bbox 812 4143 832 4205; x_wconf 93' lang='grc'>2</span> <span class='ocrx_word' id='word_1_341' title='bbox 855 4161 916 4207; x_wconf 89' lang='lat' dir='ltr'>nee</span> <span class='ocrx_word' id='word_1_342' title='bbox 937 4163 978 4208; x_wconf 82' lang='lat' dir='ltr'>cx</span> <span class='ocrx_word' id='word_1_343' title='bbox 1000 4142 1194 4226; x_wconf 88' lang='lat' dir='ltr'>conjectura,</span> <span class='ocrx_word' id='word_1_344' title='bbox 1216 4141 1275 4208; x_wconf 85' lang='lat' dir='ltr'>sed</span> <span class='ocrx_word' id='word_1_345' title='bbox 1296 4144 1435 4208; x_wconf 90' lang='lat' dir='ltr'>omnium</span> <span class='ocrx_word' id='word_1_346' title='bbox 1458 4163 1498 4208; x_wconf 82' lang='lat' dir='ltr'>ex</span> <span class='ocrx_word' id='word_1_347' title='bbox 1514 4163 1591 4210; x_wconf 86' lang='lat' dir='ltr'>vero</span> <span class='ocrx_word' id='word_1_348' title='bbox 1612 4144 1743 4229; x_wconf 87' lang='lat' dir='ltr'>peritus.</span> <span class='ocrx_word' id='word_1_349' title='bbox 1765 4145 1872 4232; x_wconf 89' lang='lat' dir='ltr'>(Simi-</span> 
     </span>
     <span class='ocr_line' id='line_1_33' title="bbox 284 4261 1873 4352; baseline 0.002 -24"><span class='ocrx_word' id='word_1_350' title='bbox 284 4263 358 4329; x_wconf 89' lang='lat' dir='ltr'>liter</span> <span class='ocrx_word' id='word_1_351' title='bbox 380 4268 509 4348; x_wconf 85' lang='lat' dir='ltr'>praeter</span> <span class='ocrx_word' id='word_1_352' title='bbox 531 4261 691 4328; x_wconf 88' lang='lat' dir='ltr'>Senecam</span> <span class='ocrx_word' id='word_1_353' title='bbox 715 4261 853 4328; x_wconf 82' lang='lat' dir='ltr'>Ovidius</span> <span class='ocrx_word' id='word_1_354' title='bbox 877 4263 1006 4328; x_wconf 90' lang='lat' dir='ltr'>locutus</span> <span class='ocrx_word' id='word_1_355' title='bbox 1033 4269 1083 4328; x_wconf 88' lang='lat' dir='ltr'>cst</span> <span class='ocrx_word' id='word_1_356' title='bbox 1104 4262 1192 4330; x_wconf 81' lang='lat' dir='ltr'>Fast.</span> <span class='ocrx_word' id='word_1_357' title='bbox 1217 4264 1246 4346; x_wconf 90' lang='grc'>2,</span> <span class='ocrx_word' id='word_1_358' title='bbox 1269 4262 1332 4330; x_wconf 84' lang='grc'>869</span> <span class='ocrx_word' id='word_1_359' title='bbox 1355 4264 1403 4328; x_wconf 79' lang='lat' dir='ltr'>Ex</span> <span class='ocrx_word' id='word_1_360' title='bbox 1426 4283 1502 4330; x_wconf 90' lang='lat' dir='ltr'>vero</span> <span class='ocrx_word' id='word_1_361' title='bbox 1530 4265 1668 4349; x_wconf 86' lang='lat' dir='ltr'>positum</span> <span class='ocrx_word' id='word_1_362' title='bbox 1697 4265 1873 4352; x_wconf 87' lang='lat' dir='ltr'>permansit</span> 
     </span>
     <span class='ocr_line' id='line_1_34' title="bbox 284 4382 581 4468; baseline -0.013 -18"><span class='ocrx_word' id='word_1_363' title='bbox 284 4382 419 4468; x_wconf 70' lang='lat' dir='ltr'>Equiria</span> <span class='ocrx_word' id='word_1_364' title='bbox 440 4383 581 4467; x_wconf 87' lang='lat' dir='ltr'>nomen.)</span> 
     </span>
    </p>

    <p class='ocr_par' dir='ltr' id='par_1_16' title="bbox 285 4501 1874 4708">
     <span class='ocr_line' id='line_1_35' title="bbox 369 4501 1874 4589; baseline 0.003 -22"><span class='ocrx_word' id='word_1_365' title='bbox 369 4502 409 4567; x_wconf 93' lang='lat' dir='ltr'>in</span> <span class='ocrx_word' id='word_1_366' title='bbox 431 4501 575 4569; x_wconf 88' lang='lat' dir='ltr'>vicino</span> <span class='ocrx_word' id='word_1_367' title='bbox 599 4502 684 4568; x_wconf 83' lang='lat' dir='ltr'>Diat.</span> <span class='ocrx_word' id='word_1_368' title='bbox 708 4503 765 4587; x_wconf 89' lang='lat' dir='ltr'>IX,</span> <span class='ocrx_word' id='word_1_369' title='bbox 789 4504 819 4586; x_wconf 89' lang='grc'>9,</span> <span class='ocrx_word' id='word_1_370' title='bbox 844 4504 859 4567; x_wconf 95' lang='grc'>1</span> <span class='ocrx_word' id='word_1_371' title='bbox 888 4502 1078 4588; x_wconf 86' lang='lat' dir='ltr'>praesertim</span> <span class='ocrx_word' id='word_1_372' title='bbox 1102 4521 1173 4568; x_wconf 92' lang='lat' dir='ltr'>cnm</span> <span class='ocrx_word' id='word_1_373' title='bbox 1194 4501 1228 4570; x_wconf 93' lang='lat' dir='ltr'>in</span> <span class='ocrx_word' id='word_1_374' title='bbox 1246 4501 1353 4568; x_wconf 86' lang='lat' dir='ltr'>vicino</span> <span class='ocrx_word' id='word_1_375' title='bbox 1375 4503 1548 4570; x_wconf 88' lang='lat' dir='ltr'>remedium</span> <span class='ocrx_word' id='word_1_376' title='bbox 1571 4505 1628 4588; x_wconf 90' lang='lat' dir='ltr'>sit;</span> <span class='ocrx_word' id='word_1_377' title='bbox 1651 4504 1690 4570; x_wconf 92' lang='lat' dir='ltr'>D.</span> <span class='ocrx_word' id='word_1_378' title='bbox 1713 4504 1754 4589; x_wconf 81' lang='lat' dir='ltr'>X,</span> <span class='ocrx_word' id='word_1_379' title='bbox 1780 4507 1829 4589; x_wconf 85' lang='lat' dir='ltr'>lb,</span> <span class='ocrx_word' id='word_1_380' title='bbox 1850 4507 1874 4572; x_wconf 83' lang='lat'>4</span> 
     </span>
     <span class='ocr_line' id='line_1_36' title="bbox 285 4620 1873 4708; baseline 0.001 -20"><span class='ocrx_word' id='word_1_381' title='bbox 285 4621 436 4706; x_wconf 86' lang='lat' dir='ltr'>qnoniam</span> <span class='ocrx_word' id='word_1_382' title='bbox 458 4620 592 4704; x_wconf 86' lang='lat' dir='ltr'>quidem</span> <span class='ocrx_word' id='word_1_383' title='bbox 611 4620 645 4686; x_wconf 93' lang='lat' dir='ltr'>in</span> <span class='ocrx_word' id='word_1_384' title='bbox 660 4621 766 4688; x_wconf 89' lang='lat' dir='ltr'>vicino</span> <span class='ocrx_word' id='word_1_385' title='bbox 785 4631 934 4689; x_wconf 82' lang='lat' dir='ltr'>versatur</span> <span class='ocrx_word' id='word_1_386' title='bbox 956 4621 1088 4707; x_wconf 84' lang='lat' dir='ltr'>invidia,</span> <span class='ocrx_word' id='word_1_387' title='bbox 1111 4621 1288 4708; x_wconf 86' lang='lat' dir='ltr'>simplicius</span> <span class='ocrx_word' id='word_1_388' title='bbox 1310 4623 1405 4707; x_wconf 76' lang='lat' dir='ltr'>longe</span> <span class='ocrx_word' id='word_1_389' title='bbox 1420 4623 1526 4708; x_wconf 83' lang='lat' dir='ltr'>posita</span> <span class='ocrx_word' id='word_1_390' title='bbox 1547 4623 1705 4690; x_wconf 87' lang='lat' dir='ltr'>miramur.</span> <span class='ocrx_word' id='word_1_391' title='bbox 1736 4623 1873 4708; x_wconf 76' lang='lat' dir='ltr'>&lt;uadem</span> 
     </span>
    </p>
   </div>
   <div class='ocr_carea' id='block_1_5' title="bbox 0 0 2297 5566">
    <p class='ocr_par' dir='ltr' id='par_1_17' title="bbox 0 0 2297 5566">
     <span class='ocr_line' id='line_1_37' title="bbox 0 0 2297 5566; baseline 0 0"><span class='ocrx_word' id='word_1_392' title='bbox 0 0 2297 5566; x_wconf 95' lang='lat' dir='ltr'> </span> 
     </span>
    </p>
   </div>
  </div>
 </body>
</html>
