4578 5566
1179 385 1219 450 14

405 591 464 656 per
496 567 605 656 „esse“
633 575 665 636 et
701 568 771 656 „in“
798 570 948 638 formatas
978 571 1153 638 locutiones
1185 577 1311 638 exstare
1334 572 1421 637 velut
1452 572 1490 640 iu
1524 571 1661 658 facili,
1694 572 1735 638 in
1768 592 1895 657 aequo
1922 594 2003 640 esse·

406 691 523 756 Verum
545 709 653 754 earum
673 689 866 756 locutionum
889 689 972 756 inira
993 690 1111 757 mentio
1132 689 1187 757 fiet
1208 690 1241 756 in
1263 691 1369 758 indice
1389 711 1501 758 earum
1519 691 1702 778 dictionum,
1728 712 1811 775 quae
1826 713 1866 758 ex
1880 695 2001 760 neutris

402 808 635 896 adjectivorum
665 813 697 874 et
724 808 1011 894 praepositionibus
1038 817 1192 878 coustant.
1235 809 1338 888 Quem
1365 811 1549 895 priusquam
1576 829 1770 897 proponam,
1801 813 1913 898 paucis
1945 835 1998 880 cx·

404 927 516 1015 plicari
533 947 663 995 necesse
685 935 733 994 est
754 929 795 994 de
817 929 936 996 neutris
958 929 1188 1014 adjectivorum
1210 930 1478 996 substantivorum
1502 930 1572 997 vice
1593 931 1804 1017 fungentium,
1826 939 1998 1017 propterea

404 1047 488 1132 quod
511 1047 608 1114 etiam
630 1047 691 1114 hac
716 1047 750 1112 in
773 1069 806 1114 re
829 1069 933 1115 sermo
956 1049 1100 1116 Senecae
1121 1072 1142 1116 a
1167 1051 1324 1136 prioribus
1351 1050 1495 1116 nonnihil
1524 1049 1692 1136 discrepat.
1737 1051 1821 1117 Nam
1850 1053 1996 1135 quamvis

403 1189 465 1233 non
487 1189 526 1232 eo
548 1167 703 1234 audaciae
725 1189 912 1253 progressus
935 1169 984 1255 sit,
1007 1175 1041 1235 ut
1061 1170 1145 1255 „alia
1167 1169 1336 1236 honorum“
1351 1169 1480 1256 (Tacit.)
1502 1170 1630 1257 diceret,
1653 1178 1760 1236 tamen
1784 1170 1880 1236 etiam
1909 1171 1996 1256 apud

404 1307 476 1353 cum
493 1294 619 1352 exstant
628 1288 786 1373 „pretiosa
808 1288 930 1354 rerum“
953 1310 1009 1375 pro
1021 1289 1198 1374 „pretiosae
1221 1290 1288 1355 rcs“
1300 1289 1371 1375 (Ep.
1389 1291 1439 1375 93,
1455 1291 1500 1376 4),
1522 1289 1826 1375 „Thermopylarum
1839 1291 1995 1376 angusta‘

403 1409 492 1494 (Bou.
514 1407 569 1494 VI,
592 1409 643 1493 31,
666 1408 709 1492 6),
738 1414 895 1493 „angusta
924 1407 1067 1495 rupium“
1094 1409 1145 1494 (N.
1170 1409 1206 1487 Q
1229 1409 1276 1494 Ν,
1298 1412 1328 1494 2,
1353 1411 1395 1495 6),
1423 1411 1579 1496 „obscura
1600 1409 1773 1476 terrarum“
1805 1411 1858 1494 (N.
1884 1408 1996 1496 QVI,

402 1530 434 1614 8,
456 1529 499 1614 2),
521 1511 694 1614 ‚pecudum
716 1527 794 1593 loci“
817 1527 890 1613 (Ep.
912 1529 964 1613 41,
990 1529 1033 1614 3),
1067 1529 1213 1612 quotiens
1245 1530 1460 1614 despexerunt
1493 1530 1527 1594 in
1555 1529 1635 1594 illud
1660 1529 1889 1615 magnitudinis
1917 1549 1996 1598 suae

410 1667 565 1734 praeceps
587 1647 659 1732 (Ep.
682 1647 733 1732 94,
756 1646 819 1733 73),
849 1667 971 1715 summo
997 1668 1106 1714 earum
1127 1649 1308 1734 (aquarum)
1330 1648 1510 1714 innatantia
1532 1649 1584 1724 (N.
1608 1647 1644 1726 Q
1667 1650 1705 1735 V,
1731 1652 1762 1734 ὁ,
1784 1649 1827 1732 2).
1871 1649 1996 1716 Deinde

404 1768 523 1834 neutris
545 1765 784 1852 adjectivorum,
806 1787 888 1850 quae
910 1768 1179 1834 substantivorum
1194 1770 1264 1835 vice
1286 1769 1470 1854 iunguntur,
1491 1789 1578 1834 more
1592 1775 1757 1853 poetarum
1784 1769 1919 1834 alterum
1940 1769 1995 1836 ad·

400 1886 557 1971 jectivum
578 1885 736 1972 adjungit.
768 1887 850 1952 Nam
872 1893 907 1953 ut
919 1886 1077 1972 Vergilius
1098 1889 1216 1973 „altum
1238 1887 1444 1974 caeruleum‘,
1468 1887 1515 1954 sic
1537 1887 1660 1954 Seneca
1684 1887 1764 1953 dixit
1785 1888 1996 1973 „protundum

404 2006 635 2091 inexploratum
658 2012 690 2072 et
711 2005 918 2072 immensum“
941 2006 1028 2093 (lieu.
1052 2006 1122 2094 Vll,
1144 2009 1173 2093 2,
1196 2008 1239 2094 6),
1264 2008 1315 2094 „iu
1338 2015 1477 2093 angusto
1498 2006 1604 2073 inani“
1629 2009 1681 2090 (N.
1705 2005 1743 2085 Q.
1769 2007 1803 2092 V,
1829 2013 1857 2092 1,
1878 2007 1921 2094 2),
1943 2008 1995 2094 „in

404 2126 502 2192 multo
524 2125 630 2192 inani“
648 2124 804 2211 (ibidem).
846 2124 919 2191 Jam
942 2146 1016 2192 vero
1039 2127 1082 2193 ad
1104 2147 1158 2192 eas
1181 2126 1333 2193 dictiones
1355 2127 1567 2194 recensendas
1589 2126 1827 2212 aggrediamur,
1849 2147 1933 2211 quae
1955 2147 1995 2194 ex

405 2245 525 2312 neuuis
547 2244 776 2329 adjectivorum
797 2252 828 2311 et
850 2246 1138 2330 praepositionibus
1160 2246 1353 2332 compositae
1367 2253 1447 2312 sunt.
1505 2245 1597 2324 Quod
1620 2245 1748 2312 dicendi
1770 2267 1873 2331 genus
1895 2267 1996 2313 neca

404 2363 547 2449 Graecis,
569 2365 656 2450 apud
678 2385 757 2449 quos
772 2362 809 2442 ἐξ
823 2357 913 2444 ἴσου,
935 2361 971 2430 ἐκ
994 2363 1126 2431 δικαίου
1142 2366 1211 2432 loeo
1222 2361 1315 2444 ἴσως,
1329 2361 1471 2442 δικαίως
1493 2373 1575 2449 sunt,
1598 2385 1694 2431 neca
1714 2365 1994 2450 praestantissimis

403 2484 591 2570 scriptorum
613 2485 782 2550 latinorum
804 2484 944 2550 alienum
964 2491 1078 2570 poetae
1102 2492 1134 2552 et
1156 2486 1343 2570 posteriores
1365 2485 1534 2570 scriptores
1557 2486 1690 2550 multum
1711 2484 1916 2570 prolatarunt.
1956 2487 1993 2550 In

404 2623 499 2687 quem
530 2623 694 2670 numerum
721 2603 817 2670 edam
848 2602 1003 2671 Senecam
1033 2601 1233 2671 referendum
1254 2624 1326 2672 esse
1354 2606 1446 2690 larga
1466 2604 1560 2689 copia
1588 2605 1805 2689 exemplorum
1836 2604 1993 2690 docemur,

402 2723 519 2805 quibus
531 2723 672 2792 inserere
687 2723 764 2789 libet
776 2723 871 2789 etiam
886 2743 941 2790 eas
954 2722 1118 2807 diotioueS,
1131 2744 1214 2808 quae
1230 2725 1394 2809 paululum
1410 2723 1569 2809 diliemnt,
1585 2731 1620 2788 ut
1634 2722 1668 2789 iu
1681 2724 1756 2810 alto,
1767 2722 1801 2789 iu
1815 2723 1902 2790 laeili
1913 2742 1995 2788 esse.

491 2863 538 2908 ex
561 2842 699 2910 abdito
722 2843 797 2909 Ben.
820 2842 873 2929 Ν,
895 2844 947 2929 32,
971 2846 987 2908 1
1012 2863 1051 2908 ex
1074 2843 1182 2909 abdito
1205 2844 1296 2910 subit.

489 2982 538 3027 ex
559 2962 787 3028 abundanti
809 2962 885 3028 Ben.
900 2961 926 3049 Ι,
945 2965 993 3048 11,
1014 2964 1035 3028 5
1062 2962 1134 3030 Jam
1151 2968 1259 3029 cetera
1275 2983 1316 3028 ex
1343 2961 1518 3028 abundanti
1534 2962 1664 3029 veniunt
1683 2961 1837 3028 delicatos
1858 2961 1990 3046 lactura,

404 3080 564 3166 (similiter
587 3080 692 3160 Quint.
714 3081 768 3167 Ν,
789 3082 810 3148 b
839 3088 906 3146 tum
927 3081 1019 3148 addit
1040 3102 1080 3147 ex
1103 3081 1278 3148 abundanti
1299 3083 1319 3148 i.
1343 3103 1367 3149 e.
1391 3101 1488 3166 supra
1510 3081 1553 3167 id,
1575 3081 1661 3165 quod
1684 3080 1899 3148 necessarium
1921 3079 1993 3166 est).

491 3220 540 3266 ex
562 3200 801 3267 adventicio
828 3199 911 3267 Dial.
933 3201 982 3286 Vl,
1006 3203 1054 3286 10,
1080 3205 1095 3265 l
1133 3200 1292 3285 Quicquid
1320 3209 1369 3268 est
1400 3202 1469 3288 hoc,
1496 3200 1625 3288 Marcia,
1655 3200 1740 3285 quod
1765 3201 1852 3268 circa
1873 3219 1929 3268 nos
1952 3219 1993 3266 cx

402 3319 585 3386 adventicio
607 3319 716 3406 fulget,
738 3319 839 3402 liberi,
863 3319 1006 3407 honores,
1029 3340 1110 3406 opes.

490 3459 690 3522 exaequo
718 3438 801 3504 Dial
831 3439 890 3526 VI,
921 3440 969 3526 16,
1009 3443 1025 3504 1
1064 3439 1204 3506 dolorem
1241 3441 1443 3522 laboremque
1483 3460 1523 3505 ex
1559 3459 1677 3525 aequo,
1722 3439 1749 3505 si
1788 3459 1991 3522 consuevere,

404 3557 566 3644 patiuntur
588 3556 779 3643 (mulieres);
806 3557 848 3623 ib.
869 3559 891 3624 5
914 3561 933 3623 6
956 3559 1127 3642 Nunquam
1156 3566 1262 3624 tamen
1283 3558 1434 3642 injuriam
1457 3557 1575 3624 dixeris
1597 3579 1639 3624 ex
1660 3579 1762 3642 aequo
1786 3578 1858 3624 cum
1879 3567 1988 3643 poten-

399 3675 480 3743 tiore
504 3675 662 3762 dividcre;
695 3676 771 3743 Ben.
785 3675 839 3764 VI,
862 3677 903 3742 22
925 3697 1009 3760 quae
1030 3698 1114 3745 nunc
1140 3685 1216 3744 eunt
1238 3677 1367 3743 alteruis
1383 3677 1579 3761 redeuntque
1594 3678 1778 3762 opportunis
1792 3677 1989 3743 libramentis

400 3795 554 3862 mundum
577 3817 618 3864 cx
641 3817 741 3880 aequo
763 3797 981 3882 temperantia,
1003 3796 1127 3882 (eodem
1143 3797 1237 3864 modo
1251 3797 1385 3880 Lucret,
1401 3795 1601 3882 0nu.‚P1in.
1617 3796 1703 3882 maj,
1719 3796 1804 3884 Tac,
1820 3796 1989 3862 Suetonius

403 3913 500 3981 locuti
522 3920 613 4001 sunt,
643 3914 715 4000 qui,
744 3922 779 3982 ut
806 3915 1003 3982 Forcellinus
1033 3923 1117 3982 recte
1138 3917 1295 4002 observat,
1325 3936 1397 3982 cum
1428 3915 1614 3981 adverbium
1644 3915 1782 4002 „aequo“
1810 3915 1986 4000 particulae

405 4039 562 4118 potestate
591 4033 694 4119 accipi
723 4040 867 4120 coeptum
902 4043 1001 4119 esset,
1028 4034 1062 4099 iu
1084 4034 1155 4118 ejus
1176 4036 1279 4102 locum
1300 4056 1359 4122 „ex
1381 4032 1502 4118 aequo“
1524 4034 1755 4102 substituerunt
1783 4034 1826 4101 ad
1848 4055 1990 4102 normam

404 4152 609 4240 Graecorum,
631 4154 686 4238 qui
705 4153 769 4240 ipsi
790 4173 916 4239 quoquc
939 4152 976 4233 ἐξ
994 4147 1070 4220 ἴσου
1093 4176 1150 4240 pro
1170 4147 1255 4231 ἴσως
1275 4153 1493 4240 usurparunt).

491 4273 533 4338 in
554 4293 599 4339 ae
608 4292 655 4357 qu
664 4292 723 4339 um
735 4272 776 4338 N.
787 4269 824 4350 Q
836 4272 890 4360 IV,
904 4274 952 4360 13,
963 4275 986 4338 4
996 4293 1092 4338 unum
1106 4274 1165 4340 hoo
1178 4280 1254 4360 erat,
1269 4273 1354 4358 quod
1366 4271 1481 4340 divites
1492 4273 1527 4339 iu
1537 4293 1675 4358 aequum
1685 4274 1798 4342 turbae
1809 4272 1991 4341 deduceret.

490 4391 528 4458 in
557 4411 685 4477 aequo
706 4410 797 4459 esse
823 4391 883 4478 Ep.
903 4393 955 4478 66,
976 4391 1018 4456 29
1039 4391 1074 4457 iu
1095 4411 1196 4477 aequo
1218 4399 1267 4459 est
1287 4392 1449 4459 moderate
1465 4391 1608 4479 gaudere
1629 4399 1663 4458 ct
1683 4392 1847 4462 moderate
1867 4392 1993 4478 dolere,

405 4512 465 4599 Ep.
486 4512 538 4598 85,
559 4513 602 4578 22
623 4511 731 4596 itaque
752 4511 786 4577 in
807 4532 910 4595 aequo
941 4517 990 4576 est
1019 4510 1116 4598 longa
1136 4518 1168 4577 et
1193 4510 1298 4578 brevis
1319 4511 1393 4578 vita
1437 4510 1499 4578 cu.
1522 4511 1605 4578 Dial
1628 4511 1698 4599 vn,
1719 4514 1750 4599 2,
1772 4513 1802 4598 3,
1831 4512 1992 4600 (similiter

395 4631 472 4716 jam
494 4631 562 4699 liv.
585 4632 708 4698 locutus
730 4631 803 4717 est.)
